<?xml version="1.0" encoding="UTF-8"?>
<!DOCTYPE html PUBLIC "-//W3C//DTD XHTML 1.0 Transitional//EN"
    "http://www.w3.org/TR/xhtml1/DTD/xhtml1-transitional.dtd">
<html xmlns="http://www.w3.org/1999/xhtml" xml:lang="en" lang="en">
 <head>
  <title>
</title>
<meta http-equiv="Content-Type" content="text/html;charset=utf-8" />
  <meta name='ocr-system' content='tesseract 3.04.00' />
  <meta name='ocr-capabilities' content='ocr_page ocr_carea ocr_par ocr_line ocrx_word'/>
</head>
<body>
  <div class='ocr_page' id='page_1' title='image "./consuetudinesmo00albegoog_0185.png"; bbox 0 0 3792 5375; ppageno 0'>
   <div class='ocr_carea' id='block_1_1' title="bbox 875 453 1156 524">
    <p class='ocr_par' dir='ltr' id='par_1_1' title="bbox 875 453 1156 524">
     <span class='ocr_line' id='line_1_1' title="bbox 875 453 1156 524; baseline 0.004 -10"><span class='ocrx_word' id='word_1_1' title='bbox 875 453 1156 524; x_wconf 50' lang='lat' dir='ltr'>,-l·l-</span> 
     </span>
    </p>
   </div>
   <div class='ocr_carea' id='block_1_2' title="bbox 444 642 1638 1799">
    <p class='ocr_par' dir='ltr' id='par_1_2' title="bbox 444 642 1638 1799">
     <span class='ocr_line' id='line_1_2' title="bbox 449 642 1638 730; baseline -0.001 -19"><span class='ocrx_word' id='word_1_2' title='bbox 449 648 614 714; x_wconf 84' lang='lat' dir='ltr'>dotrtmuru</span> <span class='ocrx_word' id='word_1_3' title='bbox 637 669 746 712; x_wconf 78' lang='lat' dir='ltr'>arrtrtes</span> <span class='ocrx_word' id='word_1_4' title='bbox 764 659 891 730; x_wconf 76' lang='lat' dir='ltr'>gctrtcs.</span> <span class='ocrx_word' id='word_1_5' title='bbox 928 643 1006 710; x_wconf 86' lang='lat' dir='ltr'>Bini</span> <span class='ocrx_word' id='word_1_6' title='bbox 1022 644 1170 710; x_wconf 74' lang='lat' dir='ltr'>conversi</span> <span class='ocrx_word' id='word_1_7' title='bbox 1186 642 1401 725; x_wconf 78' lang='lat' dir='ltr'>carrdelabra,</span> <span class='ocrx_word' id='word_1_8' title='bbox 1425 643 1543 709; x_wconf 84' lang='lat' dir='ltr'>tertius</span> <span class='ocrx_word' id='word_1_9' title='bbox 1561 644 1638 710; x_wconf 84' lang='lat' dir='ltr'>tmi-</span> 
     </span>
     <span class='ocr_line' id='line_1_3' title="bbox 448 748 1637 837; baseline -0.003 -19"><span class='ocrx_word' id='word_1_10' title='bbox 448 751 570 820; x_wconf 91' lang='lat' dir='ltr'>bulum.</span> <span class='ocrx_word' id='word_1_11' title='bbox 601 750 655 817; x_wconf 91' lang='lat' dir='ltr'>llli</span> <span class='ocrx_word' id='word_1_12' title='bbox 673 752 793 837; x_wconf 89' lang='lat' dir='ltr'>quippe</span> <span class='ocrx_word' id='word_1_13' title='bbox 810 749 886 832; x_wconf 89' lang='lat' dir='ltr'>duo,</span> <span class='ocrx_word' id='word_1_14' title='bbox 911 751 967 836; x_wconf 71' lang='lat' dir='ltr'>«qui</span> <span class='ocrx_word' id='word_1_15' title='bbox 983 756 1107 817; x_wconf 89' lang='lat' dir='ltr'>canunt</span> <span class='ocrx_word' id='word_1_16' title='bbox 1131 749 1307 833; x_wconf 75' lang='lat' dir='ltr'>laetanias,</span> <span class='ocrx_word' id='word_1_17' title='bbox 1331 748 1375 815; x_wconf 90' lang='lat' dir='ltr'>ad</span> <span class='ocrx_word' id='word_1_18' title='bbox 1399 749 1497 816; x_wconf 85' lang='lat' dir='ltr'>finem</span> <span class='ocrx_word' id='word_1_19' title='bbox 1514 749 1637 833; x_wconf 82' lang='lat' dir='ltr'>(licant,</span> 
     </span>
     <span class='ocr_line' id='line_1_4' title="bbox 449 856 1637 944; baseline -0.002 -19"><span class='ocrx_word' id='word_1_20' title='bbox 449 860 636 926; x_wconf 69' lang='lat' dir='ltr'>Acccudita</span> <span class='ocrx_word' id='word_1_21' title='bbox 662 860 770 944; x_wconf 74' lang='lat' dir='ltr'>lr&#39;yrie</span> <span class='ocrx_word' id='word_1_22' title='bbox 784 860 913 926; x_wconf 75' lang='lat' dir='ltr'>cleison.</span> <span class='ocrx_word' id='word_1_23' title='bbox 938 856 1077 924; x_wconf 89' lang='lat' dir='ltr'>Pulsent</span> <span class='ocrx_word' id='word_1_24' title='bbox 1096 858 1201 941; x_wconf 78' lang='lat' dir='ltr'>signa,</span> <span class='ocrx_word' id='word_1_25' title='bbox 1217 857 1403 922; x_wconf 80' lang='lat' dir='ltr'>accendant</span> <span class='ocrx_word' id='word_1_26' title='bbox 1418 865 1545 943; x_wconf 77' lang='lat' dir='ltr'>septem</span> <span class='ocrx_word' id='word_1_27' title='bbox 1561 878 1637 923; x_wconf 87' lang='lat' dir='ltr'>can·</span> 
     </span>
     <span class='ocr_line' id='line_1_5' title="bbox 448 963 1638 1032; baseline -0.001 0"><span class='ocrx_word' id='word_1_28' title='bbox 448 964 582 1032; x_wconf 76' lang='lat' dir='ltr'>delabro</span> <span class='ocrx_word' id='word_1_29' title='bbox 607 971 684 1031; x_wconf 80' lang='lat' dir='ltr'>arus</span> <span class='ocrx_word' id='word_1_30' title='bbox 707 963 823 1031; x_wconf 90' lang='lat' dir='ltr'>altare.</span> <span class='ocrx_word' id='word_1_31' title='bbox 854 963 949 1032; x_wconf 80' lang='lat' dir='ltr'>Trmc</span> <span class='ocrx_word' id='word_1_32' title='bbox 966 963 1122 1031; x_wconf 89' lang='lat' dir='ltr'>sacerdos</span> <span class='ocrx_word' id='word_1_33' title='bbox 1146 964 1255 1029; x_wconf 78' lang='lat' dir='ltr'>ueniat</span> <span class='ocrx_word' id='word_1_34' title='bbox 1279 971 1314 1030; x_wconf 91' lang='lat' dir='ltr'>et</span> <span class='ocrx_word' id='word_1_35' title='bbox 1336 963 1440 1030; x_wconf 71' lang='lat' dir='ltr'>iaciat</span> <span class='ocrx_word' id='word_1_36' title='bbox 1454 964 1638 1031; x_wconf 88' lang='lat' dir='ltr'>orationem</span> 
     </span>
     <span class='ocr_line' id='line_1_6' title="bbox 447 1069 1637 1158; baseline 0.002 -22"><span class='ocrx_word' id='word_1_37' title='bbox 447 1072 594 1158; x_wconf 77' lang='lat' dir='ltr'>inprimis</span> <span class='ocrx_word' id='word_1_38' title='bbox 611 1080 645 1138; x_wconf 87' lang='lat' dir='ltr'>et</span> <span class='ocrx_word' id='word_1_39' title='bbox 661 1070 780 1137; x_wconf 88' lang='lat' dir='ltr'>deinde</span> <span class='ocrx_word' id='word_1_40' title='bbox 796 1069 1044 1138; x_wconf 84' lang='lat' dir='ltr'>cousessioneru.</span> <span class='ocrx_word' id='word_1_41' title='bbox 1077 1070 1232 1137; x_wconf 76' lang='lat' dir='ltr'>Diouissis</span> <span class='ocrx_word' id='word_1_42' title='bbox 1248 1069 1358 1154; x_wconf 84' lang='lat' dir='ltr'>signis,</span> <span class='ocrx_word' id='word_1_43' title='bbox 1382 1077 1491 1152; x_wconf 85' lang='lat' dir='ltr'>canat,</span> <span class='ocrx_word' id='word_1_44' title='bbox 1517 1072 1637 1138; x_wconf 80' lang='lat' dir='ltr'>Gloria</span> 
     </span>
     <span class='ocr_line' id='line_1_7' title="bbox 446 1176 1636 1265; baseline -0.004 -17"><span class='ocrx_word' id='word_1_45' title='bbox 446 1185 480 1247; x_wconf 87' lang='lat' dir='ltr'>iu</span> <span class='ocrx_word' id='word_1_46' title='bbox 497 1182 637 1246; x_wconf 73' lang='lat' dir='ltr'>arcelsis</span> <span class='ocrx_word' id='word_1_47' title='bbox 654 1181 734 1246; x_wconf 78' lang='lat' dir='ltr'>[leo.</span> <span class='ocrx_word' id='word_1_48' title='bbox 758 1176 915 1260; x_wconf 87' lang='lat' dir='ltr'>Collecta,</span> <span class='ocrx_word' id='word_1_49' title='bbox 937 1181 1085 1245; x_wconf 77' lang='lat' dir='ltr'>Praesta</span> <span class='ocrx_word' id='word_1_50' title='bbox 1101 1201 1301 1265; x_wconf 78' lang='lat' dir='ltr'>prraesumus</span> <span class='ocrx_word' id='word_1_51' title='bbox 1316 1180 1514 1264; x_wconf 64' lang='lat' dir='ltr'>orrererpotcus</span> <span class='ocrx_word' id='word_1_52' title='bbox 1523 1192 1636 1264; x_wconf 78' lang='lat' dir='ltr'>pater.</span> 
     </span>
     <span class='ocr_line' id='line_1_8' title="bbox 446 1284 1636 1372; baseline -0.001 -19"><span class='ocrx_word' id='word_1_53' title='bbox 446 1286 608 1372; x_wconf 78' lang='lat' dir='ltr'>Epistola,</span> <span class='ocrx_word' id='word_1_54' title='bbox 633 1288 715 1353; x_wconf 75' lang='lat' dir='ltr'>Otru</span> <span class='ocrx_word' id='word_1_55' title='bbox 740 1289 860 1372; x_wconf 66' lang='lat' dir='ltr'>Apollo</span> <span class='ocrx_word' id='word_1_56' title='bbox 883 1286 1013 1354; x_wconf 52' lang='lat' dir='ltr'>assati*</span> <span class='ocrx_word' id='word_1_57' title='bbox 1048 1284 1278 1370; x_wconf 79' lang='lat' dir='ltr'>Erasrgelium.</span> <span class='ocrx_word' id='word_1_58' title='bbox 1302 1286 1347 1352; x_wconf 84' lang='lat' dir='ltr'>Si</span> <span class='ocrx_word' id='word_1_59' title='bbox 1367 1287 1514 1370; x_wconf 74' lang='lat' dir='ltr'>diligitis</span> <span class='ocrx_word' id='word_1_60' title='bbox 1537 1285 1636 1352; x_wconf 68' lang='lat' dir='ltr'>atel-&#39;²&#39;</span> 
     </span>
     <span class='ocr_line' id='line_1_9' title="bbox 446 1390 1635 1479; baseline -0.002 -21"><span class='ocrx_word' id='word_1_61' title='bbox 446 1391 676 1477; x_wconf 81' lang='lat' dir='ltr'>Offertoriusu,</span> <span class='ocrx_word' id='word_1_62' title='bbox 710 1397 831 1459; x_wconf 74' lang='lat' dir='ltr'>litaitte</span> <span class='ocrx_word' id='word_1_63' title='bbox 853 1397 1021 1479; x_wconf 79' lang='lat' dir='ltr'>spiritam.</span> <span class='ocrx_word' id='word_1_64' title='bbox 1069 1396 1192 1478; x_wconf 71' lang='lat' dir='ltr'>riguus</span> <span class='ocrx_word' id='word_1_65' title='bbox 1218 1393 1285 1459; x_wconf 71' lang='lat' dir='ltr'>liri</span> <span class='ocrx_word' id='word_1_66' title='bbox 1305 1390 1454 1475; x_wconf 83' lang='lat' dir='ltr'>dicatur,</span> <span class='ocrx_word' id='word_1_67' title='bbox 1490 1400 1524 1459; x_wconf 89' lang='lat' dir='ltr'>et</span> <span class='ocrx_word' id='word_1_68' title='bbox 1545 1398 1635 1478; x_wconf 90' lang='lat' dir='ltr'>post·</span> 
     </span>
     <span class='ocr_line' id='line_1_10' title="bbox 446 1498 1636 1585; baseline 0.002 -21"><span class='ocrx_word' id='word_1_69' title='bbox 446 1499 576 1566; x_wconf 84' lang='lat' dir='ltr'>uroduur</span> <span class='ocrx_word' id='word_1_70' title='bbox 601 1500 800 1578; x_wconf 85' lang='lat' dir='ltr'>communio,</span> <span class='ocrx_word' id='word_1_71' title='bbox 830 1502 953 1568; x_wconf 76' lang='lat' dir='ltr'>Ultimo</span> <span class='ocrx_word' id='word_1_72' title='bbox 966 1500 1173 1585; x_wconf 68' lang='lat' dir='ltr'>festivitatis</span> <span class='ocrx_word' id='word_1_73' title='bbox 1197 1500 1261 1566; x_wconf 73' lang='lat' dir='ltr'>aa.</span> <span class='ocrx_word' id='word_1_74' title='bbox 1293 1498 1421 1565; x_wconf 79' lang='lat' dir='ltr'>Teutas</span> <span class='ocrx_word' id='word_1_75' title='bbox 1444 1498 1636 1566; x_wconf 85' lang='lat' dir='ltr'>deserantur</span> 
     </span>
     <span class='ocr_line' id='line_1_11' title="bbox 445 1604 1634 1691; baseline 0.003 -22"><span class='ocrx_word' id='word_1_76' title='bbox 445 1628 503 1690; x_wconf 85' lang='lat' dir='ltr'>per</span> <span class='ocrx_word' id='word_1_77' title='bbox 525 1628 648 1672; x_wconf 86' lang='lat' dir='ltr'>onmes.</span> <span class='ocrx_word' id='word_1_78' title='bbox 695 1606 837 1673; x_wconf 87' lang='lat' dir='ltr'>Hostiae</span> <span class='ocrx_word' id='word_1_79' title='bbox 860 1606 1026 1691; x_wconf 80' lang='lat' dir='ltr'>quinquae</span> <span class='ocrx_word' id='word_1_80' title='bbox 1050 1606 1236 1673; x_wconf 83' lang='lat' dir='ltr'>mittantur.</span> <span class='ocrx_word' id='word_1_81' title='bbox 1282 1604 1406 1672; x_wconf 88' lang='lat' dir='ltr'>Pacem</span> <span class='ocrx_word' id='word_1_82' title='bbox 1436 1627 1550 1672; x_wconf 87' lang='lat' dir='ltr'>omnes</span> <span class='ocrx_word' id='word_1_83' title='bbox 1579 1627 1634 1673; x_wconf 86' lang='lat' dir='ltr'>ac·</span> 
     </span>
     <span class='ocr_line' id='line_1_12' title="bbox 444 1711 1634 1799; baseline 0.001 -21"><span class='ocrx_word' id='word_1_84' title='bbox 444 1713 577 1798; x_wconf 82' lang='lat' dir='ltr'>cipiunt.</span> <span class='ocrx_word' id='word_1_85' title='bbox 624 1711 751 1798; x_wconf 83' lang='lat' dir='ltr'>Quibus</span> <span class='ocrx_word' id='word_1_86' title='bbox 780 1711 936 1798; x_wconf 84' lang='lat' dir='ltr'>expletis,</span> <span class='ocrx_word' id='word_1_87' title='bbox 964 1711 1114 1799; x_wconf 86' lang='lat' dir='ltr'>pulsetur</span> <span class='ocrx_word' id='word_1_88' title='bbox 1137 1713 1283 1797; x_wconf 78' lang='lat' dir='ltr'>signum,</span> <span class='ocrx_word' id='word_1_89' title='bbox 1314 1719 1418 1798; x_wconf 76' lang='lat' dir='ltr'>agant</span> <span class='ocrx_word' id='word_1_90' title='bbox 1440 1713 1634 1780; x_wconf 88' lang='lat' dir='ltr'>orationem.</span> 
     </span>
    </p>
   </div>
   <div class='ocr_carea' id='block_1_3' title="bbox 401 1815 1747 1906">
    <p class='ocr_par' dir='ltr' id='par_1_3' title="bbox 401 1815 1747 1906">
     <span class='ocr_line' id='line_1_13' title="bbox 401 1815 1747 1906; baseline 0.001 -22"><span class='ocrx_word' id='word_1_91' title='bbox 401 1859 405 1864; x_wconf 94' lang='lat'>-</span> <span class='ocrx_word' id='word_1_92' title='bbox 444 1819 532 1886; x_wconf 85' lang='lat' dir='ltr'>Eant</span> <span class='ocrx_word' id='word_1_93' title='bbox 557 1820 730 1887; x_wconf 74' lang='lat' dir='ltr'>servitores</span> <span class='ocrx_word' id='word_1_94' title='bbox 753 1821 904 1905; x_wconf 88' lang='lat' dir='ltr'>accipere</span> <span class='ocrx_word' id='word_1_95' title='bbox 927 1821 1083 1905; x_wconf 71' lang='lat' dir='ltr'>mixtum,</span> <span class='ocrx_word' id='word_1_96' title='bbox 1112 1818 1321 1906; x_wconf 88' lang='lat' dir='ltr'>postmodum</span> <span class='ocrx_word' id='word_1_97' title='bbox 1344 1826 1634 1902; x_wconf 52' lang='lat' dir='ltr'>cantent’nonam,</span> <span class='ocrx_word' id='word_1_98' title='bbox 1746 1815 1747 1818; x_wconf 49' lang='lat'>&#39;</span> 
     </span>
    </p>
   </div>
   <div class='ocr_carea' id='block_1_4' title="bbox 443 1925 1633 2012">
    <p class='ocr_par' dir='ltr' id='par_1_4' title="bbox 443 1925 1633 2012">
     <span class='ocr_line' id='line_1_14' title="bbox 443 1925 1633 2012; baseline 0.003 -22"><span class='ocrx_word' id='word_1_99' title='bbox 443 1936 582 2012; x_wconf 59' lang='lat' dir='ltr'>pungant</span> <span class='ocrx_word' id='word_1_100' title='bbox 605 1926 648 1993; x_wconf 85' lang='lat' dir='ltr'>ad</span> <span class='ocrx_word' id='word_1_101' title='bbox 671 1926 893 1996; x_wconf 83' lang='lat' dir='ltr'>reficiendum.</span> <span class='ocrx_word' id='word_1_102' title='bbox 940 1926 982 1993; x_wconf 89' lang='lat' dir='ltr'>In</span> <span class='ocrx_word' id='word_1_103' title='bbox 1012 1926 1074 1995; x_wconf 93' lang='lat' dir='ltr'>hoc</span> <span class='ocrx_word' id='word_1_104' title='bbox 1098 1925 1151 1994; x_wconf 85' lang='lat' dir='ltr'>die</span> <span class='ocrx_word' id='word_1_105' title='bbox 1175 1928 1321 2012; x_wconf 79' lang='lat' dir='ltr'>sagimen</span> <span class='ocrx_word' id='word_1_106' title='bbox 1352 1948 1419 1994; x_wconf 86' lang='lat' dir='ltr'>noa</span> <span class='ocrx_word' id='word_1_107' title='bbox 1448 1926 1633 1994; x_wconf 80' lang='lat' dir='ltr'>comedant</span> 
     </span>
    </p>
   </div>
   <div class='ocr_carea' id='block_1_5' title="bbox 353 2031 1633 2120">
    <p class='ocr_par' dir='ltr' id='par_1_5' title="bbox 353 2031 1633 2120">
     <span class='ocr_line' id='line_1_15' title="bbox 353 2031 1633 2120; baseline 0.001 -22"><span class='ocrx_word' id='word_1_108' title='bbox 353 2065 357 2072; x_wconf 94' lang='lat'>·</span> <span class='ocrx_word' id='word_1_109' title='bbox 443 2031 625 2100; x_wconf 67' lang='lat' dir='ltr'>Carritatenr</span> <span class='ocrx_word' id='word_1_110' title='bbox 649 2034 786 2116; x_wconf 75' lang='lat' dir='ltr'>basiant,</span> <span class='ocrx_word' id='word_1_111' title='bbox 810 2043 842 2101; x_wconf 91' lang='lat' dir='ltr'>et</span> <span class='ocrx_word' id='word_1_112' title='bbox 866 2033 1122 2120; x_wconf 73' lang='lat' dir='ltr'>elenrosynarius</span> <span class='ocrx_word' id='word_1_113' title='bbox 1146 2056 1266 2119; x_wconf 91' lang='lat' dir='ltr'>panem</span> <span class='ocrx_word' id='word_1_114' title='bbox 1291 2041 1325 2100; x_wconf 91' lang='lat' dir='ltr'>et</span> <span class='ocrx_word' id='word_1_115' title='bbox 1347 2034 1456 2101; x_wconf 81' lang='lat' dir='ltr'>riuum</span> <span class='ocrx_word' id='word_1_116' title='bbox 1480 2033 1633 2119; x_wconf 85' lang='lat' dir='ltr'>accipiat,</span> 
     </span>
    </p>
   </div>
   <div class='ocr_carea' id='block_1_6' title="bbox 443 2139 1634 2764">
    <p class='ocr_par' dir='ltr' id='par_1_6' title="bbox 443 2139 1634 2764">
     <span class='ocr_line' id='line_1_16' title="bbox 443 2139 1633 2228; baseline 0.003 -23"><span class='ocrx_word' id='word_1_117' title='bbox 443 2141 527 2206; x_wconf 76' lang='lat' dir='ltr'>sicut</span> <span class='ocrx_word' id='word_1_118' title='bbox 551 2148 585 2207; x_wconf 88' lang='lat' dir='ltr'>et</span> <span class='ocrx_word' id='word_1_119' title='bbox 607 2141 640 2208; x_wconf 89' lang='lat' dir='ltr'>in</span> <span class='ocrx_word' id='word_1_120' title='bbox 664 2141 814 2208; x_wconf 77' lang='lat' dir='ltr'>orrruibus</span> <span class='ocrx_word' id='word_1_121' title='bbox 837 2141 954 2225; x_wconf 79' lang='lat' dir='ltr'>sigiliis</span> <span class='ocrx_word' id='word_1_122' title='bbox 977 2140 1204 2220; x_wconf 78' lang='lat' dir='ltr'>festivitatum,</span> <span class='ocrx_word' id='word_1_123' title='bbox 1229 2147 1364 2227; x_wconf 79' lang='lat' dir='ltr'>praeter</span> <span class='ocrx_word' id='word_1_124' title='bbox 1386 2139 1543 2228; x_wconf 81' lang='lat' dir='ltr'>paschae.</span> <span class='ocrx_word' id='word_1_125' title='bbox 1577 2140 1633 2208; x_wconf 79' lang='lat' dir='ltr'>aa</span> 
     </span>
     <span class='ocr_line' id='line_1_17' title="bbox 445 2246 1634 2335; baseline 0.002 -22"><span class='ocrx_word' id='word_1_126' title='bbox 445 2246 625 2332; x_wconf 85' lang='lat' dir='ltr'>l&#39;esperam</span> <span class='ocrx_word' id='word_1_127' title='bbox 650 2246 714 2314; x_wconf 72' lang='lat' dir='ltr'>cliro</span> <span class='ocrx_word' id='word_1_128' title='bbox 737 2248 830 2333; x_wconf 82' lang='lat' dir='ltr'>signa</span> <span class='ocrx_word' id='word_1_129' title='bbox 863 2249 989 2334; x_wconf 86' lang='lat' dir='ltr'>pariter</span> <span class='ocrx_word' id='word_1_130' title='bbox 1019 2248 1259 2334; x_wconf 80' lang='lat' dir='ltr'>pulsabuntur3</span> <span class='ocrx_word' id='word_1_131' title='bbox 1297 2247 1473 2316; x_wconf 81' lang='lat' dir='ltr'>duodecim</span> <span class='ocrx_word' id='word_1_132' title='bbox 1503 2269 1634 2335; x_wconf 69' lang='lat' dir='ltr'>equoque</span> 
     </span>
     <span class='ocr_line' id='line_1_18' title="bbox 444 2353 1632 2444; baseline 0.002 -25"><span class='ocrx_word' id='word_1_133' title='bbox 444 2353 643 2420; x_wconf 86' lang='lat' dir='ltr'>candelabra</span> <span class='ocrx_word' id='word_1_134' title='bbox 668 2361 744 2420; x_wconf 88' lang='lat' dir='ltr'>aute</span> <span class='ocrx_word' id='word_1_135' title='bbox 766 2354 887 2438; x_wconf 88' lang='lat' dir='ltr'>altare,</span> <span class='ocrx_word' id='word_1_136' title='bbox 923 2362 1104 2421; x_wconf 88' lang='lat' dir='ltr'>retrorsum</span> <span class='ocrx_word' id='word_1_137' title='bbox 1127 2376 1205 2420; x_wconf 81' lang='lat' dir='ltr'>sero</span> <span class='ocrx_word' id='word_1_138' title='bbox 1228 2354 1353 2421; x_wconf 69' lang='lat' dir='ltr'>elecem.</span> <span class='ocrx_word' id='word_1_139' title='bbox 1401 2357 1554 2444; x_wconf 77' lang='lat' dir='ltr'>AlleluJa</span> <span class='ocrx_word' id='word_1_140' title='bbox 1583 2355 1632 2421; x_wconf 89' lang='lat' dir='ltr'>in·</span> 
     </span>
     <span class='ocr_line' id='line_1_19' title="bbox 444 2459 1633 2548; baseline 0.006 -27"><span class='ocrx_word' id='word_1_141' title='bbox 444 2468 586 2546; x_wconf 85' lang='lat' dir='ltr'>ponatur</span> <span class='ocrx_word' id='word_1_142' title='bbox 609 2482 648 2527; x_wconf 81' lang='lat' dir='ltr'>ex</span> <span class='ocrx_word' id='word_1_143' title='bbox 671 2459 869 2547; x_wconf 75' lang='lat' dir='ltr'>antiphona,</span> <span class='ocrx_word' id='word_1_144' title='bbox 902 2464 1032 2548; x_wconf 62' lang='lat' dir='ltr'>Rtpleti</span> <span class='ocrx_word' id='word_1_145' title='bbox 1047 2473 1126 2528; x_wconf 84' lang='lat' dir='ltr'>saut</span> <span class='ocrx_word' id='word_1_146' title='bbox 1146 2483 1274 2543; x_wconf 73' lang='lat' dir='ltr'>ortatus,</span> <span class='ocrx_word' id='word_1_147' title='bbox 1288 2467 1290 2470; x_wconf 70' lang='grc'>’</span> <span class='ocrx_word' id='word_1_148' title='bbox 1306 2469 1341 2528; x_wconf 84' lang='lat' dir='ltr'>et</span> <span class='ocrx_word' id='word_1_149' title='bbox 1362 2460 1508 2548; x_wconf 83' lang='lat' dir='ltr'>psalmos</span> <span class='ocrx_word' id='word_1_150' title='bbox 1529 2462 1633 2548; x_wconf 84' lang='lat' dir='ltr'>ipsius</span> 
     </span>
     <span class='ocr_line' id='line_1_20' title="bbox 443 2566 1632 2656; baseline 0.004 -26"><span class='ocrx_word' id='word_1_151' title='bbox 443 2566 506 2633; x_wconf 77' lang='lat' dir='ltr'>«liei</span> <span class='ocrx_word' id='word_1_152' title='bbox 523 2575 720 2636; x_wconf 87' lang='lat' dir='ltr'>assumatur.</span> <span class='ocrx_word' id='word_1_153' title='bbox 754 2566 957 2654; x_wconf 86' lang='lat' dir='ltr'>Capitulum,</span> <span class='ocrx_word' id='word_1_154' title='bbox 981 2572 1072 2635; x_wconf 74' lang='lat' dir='ltr'>latur</span> <span class='ocrx_word' id='word_1_155' title='bbox 1088 2568 1632 2656; x_wconf 72' lang='lat' dir='ltr'>corrrplercutur.Respousorium,</span> 
     </span>
     <span class='ocr_line' id='line_1_21' title="bbox 444 2672 1632 2764; baseline 0.003 -25"><span class='ocrx_word' id='word_1_156' title='bbox 444 2676 671 2761; x_wconf 75' lang='lat' dir='ltr'>Rrplrtisuut</span> <span class='ocrx_word' id='word_1_157' title='bbox 692 2701 812 2743; x_wconf 76' lang='lat' dir='ltr'>erraras.</span> <span class='ocrx_word' id='word_1_158' title='bbox 858 2675 999 2755; x_wconf 88' lang='lat' dir='ltr'>Ymnus,</span> <span class='ocrx_word' id='word_1_159' title='bbox 1023 2672 1108 2749; x_wconf 86' lang='lat' dir='ltr'>Jam</span> <span class='ocrx_word' id='word_1_160' title='bbox 1132 2680 1265 2744; x_wconf 77' lang='lat' dir='ltr'>christe.</span> <span class='ocrx_word' id='word_1_161' title='bbox 1312 2674 1389 2743; x_wconf 89' lang='lat' dir='ltr'>Biui</span> <span class='ocrx_word' id='word_1_162' title='bbox 1412 2698 1556 2764; x_wconf 89' lang='lat' dir='ltr'>namque</span> <span class='ocrx_word' id='word_1_163' title='bbox 1579 2699 1632 2743; x_wconf 90' lang='lat' dir='ltr'>sa·</span> 
     </span>
    </p>
   </div>
   <div class='ocr_carea' id='block_1_7' title="bbox 287 2780 1633 2872">
    <p class='ocr_par' dir='ltr' id='par_1_7' title="bbox 287 2780 1633 2872">
     <span class='ocr_line' id='line_1_22' title="bbox 287 2780 1633 2872; baseline 0.004 -27"><span class='ocrx_word' id='word_1_164' title='bbox 287 2823 295 2835; x_wconf 88' lang='lat'><strong>·</strong></span> <span class='ocrx_word' id='word_1_165' title='bbox 340 2807 351 2827; x_wconf 85' lang='lat'>.</span> <span class='ocrx_word' id='word_1_166' title='bbox 443 2780 594 2849; x_wconf 79' lang='lat' dir='ltr'>rerdotes</span> <span class='ocrx_word' id='word_1_167' title='bbox 617 2780 796 2849; x_wconf 78' lang='lat' dir='ltr'>induantur</span> <span class='ocrx_word' id='word_1_168' title='bbox 819 2783 935 2870; x_wconf 89' lang='lat' dir='ltr'>cappis</span> <span class='ocrx_word' id='word_1_169' title='bbox 958 2782 1177 2869; x_wconf 85' lang='lat' dir='ltr'>deferantque</span> <span class='ocrx_word' id='word_1_170' title='bbox 1200 2784 1369 2851; x_wconf 88' lang='lat' dir='ltr'>incensum</span> <span class='ocrx_word' id='word_1_171' title='bbox 1391 2808 1454 2871; x_wconf 84' lang='lat' dir='ltr'>per</span> <span class='ocrx_word' id='word_1_172' title='bbox 1476 2784 1633 2872; x_wconf 86' lang='lat' dir='ltr'>altaria][</span> 
     </span>
    </p>
   </div>
   <div class='ocr_carea' id='block_1_8' title="bbox 443 2888 1638 4690">
    <p class='ocr_par' dir='ltr' id='par_1_8' title="bbox 443 2888 1637 3940">
     <span class='ocr_line' id='line_1_23' title="bbox 443 2888 1633 2977; baseline 0.005 -26"><span class='ocrx_word' id='word_1_173' title='bbox 443 2896 543 2973; x_wconf 89' lang='lat' dir='ltr'>atque</span> <span class='ocrx_word' id='word_1_174' title='bbox 579 2888 794 2975; x_wconf 74' lang='lat' dir='ltr'>:antiphonam</span> <span class='ocrx_word' id='word_1_175' title='bbox 824 2889 1072 2975; x_wconf 89' lang='lat' dir='ltr'>Paraphouista</span> <span class='ocrx_word' id='word_1_176' title='bbox 1109 2897 1162 2957; x_wconf 89' lang='lat' dir='ltr'>ter</span> <span class='ocrx_word' id='word_1_177' title='bbox 1195 2898 1345 2977; x_wconf 88' lang='lat' dir='ltr'>repetat,</span> <span class='ocrx_word' id='word_1_178' title='bbox 1383 2894 1465 2959; x_wconf 71' lang='lat' dir='ltr'>tiara</span> <span class='ocrx_word' id='word_1_179' title='bbox 1499 2894 1633 2960; x_wconf 65' lang='lat' dir='ltr'>caeteri.</span> 
     </span>
     <span class='ocr_line' id='line_1_24' title="bbox 444 2996 1634 3085; baseline 0.008 -28"><span class='ocrx_word' id='word_1_180' title='bbox 444 2996 581 3078; x_wconf 84' lang='lat' dir='ltr'>Oratio,</span> <span class='ocrx_word' id='word_1_181' title='bbox 614 2999 759 3065; x_wconf 80' lang='lat' dir='ltr'>Praesta</span> <span class='ocrx_word' id='word_1_182' title='bbox 790 3020 989 3085; x_wconf 75' lang='lat' dir='ltr'>quassamus</span> <span class='ocrx_word' id='word_1_183' title='bbox 1019 3001 1221 3085; x_wconf 77' lang='lat' dir='ltr'>orrtrrr‘potrus</span> <span class='ocrx_word' id='word_1_184' title='bbox 1250 3002 1348 3081; x_wconf 72' lang='lat' dir='ltr'>cletas,</span> <span class='ocrx_word' id='word_1_185' title='bbox 1388 3013 1426 3067; x_wconf 85' lang='lat' dir='ltr'>ut</span> <span class='ocrx_word' id='word_1_186' title='bbox 1455 3001 1634 3067; x_wconf 82' lang='lat' dir='ltr'>claritatis.</span> 
     </span>
     <span class='ocr_line' id='line_1_25' title="bbox 446 3100 1636 3192; baseline 0.002 -24"><span class='ocrx_word' id='word_1_187' title='bbox 446 3100 556 3169; x_wconf 82' lang='lat' dir='ltr'>Statio</span> <span class='ocrx_word' id='word_1_188' title='bbox 591 3102 650 3168; x_wconf 90' lang='lat' dir='ltr'>fiat</span> <span class='ocrx_word' id='word_1_189' title='bbox 682 3102 725 3183; x_wconf 87' lang='lat' dir='ltr'>ad</span> <span class='ocrx_word' id='word_1_190' title='bbox 755 3110 904 3170; x_wconf 88' lang='lat' dir='ltr'>sanctam</span> <span class='ocrx_word' id='word_1_191' title='bbox 935 3126 1063 3170; x_wconf 78' lang='lat' dir='ltr'>cursem</span> <span class='ocrx_word' id='word_1_192' title='bbox 1094 3112 1196 3189; x_wconf 85' lang='lat' dir='ltr'>atque</span> <span class='ocrx_word' id='word_1_193' title='bbox 1226 3106 1260 3170; x_wconf 92' lang='lat' dir='ltr'>in</span> <span class='ocrx_word' id='word_1_194' title='bbox 1284 3104 1392 3172; x_wconf 84' lang='lat' dir='ltr'>eundo</span> <span class='ocrx_word' id='word_1_195' title='bbox 1414 3105 1478 3173; x_wconf 92' lang='lat' dir='ltr'>hoc</span> <span class='ocrx_word' id='word_1_196' title='bbox 1501 3126 1636 3192; x_wconf 86' lang='lat' dir='ltr'>respon·</span> 
     </span>
     <span class='ocr_line' id='line_1_26' title="bbox 444 3208 1634 3301; baseline 0.006 -27"><span class='ocrx_word' id='word_1_197' title='bbox 444 3209 564 3275; x_wconf 82' lang='lat' dir='ltr'>soriuru</span> <span class='ocrx_word' id='word_1_198' title='bbox 596 3208 789 3292; x_wconf 87' lang='lat' dir='ltr'>decantent,</span> <span class='ocrx_word' id='word_1_199' title='bbox 825 3213 975 3298; x_wconf 78' lang='lat' dir='ltr'>Spiritus</span> <span class='ocrx_word' id='word_1_200' title='bbox 1000 3226 1137 3279; x_wconf 88' lang='lat' dir='ltr'>sauctus</span> <span class='ocrx_word' id='word_1_201' title='bbox 1161 3216 1346 3299; x_wconf 79' lang='lat' dir='ltr'>procederes</span> <span class='ocrx_word' id='word_1_202' title='bbox 1369 3237 1392 3280; x_wconf 95' lang='lat' dir='ltr'>a</span> <span class='ocrx_word' id='word_1_203' title='bbox 1414 3227 1528 3301; x_wconf 75' lang='lat' dir='ltr'>patre.</span> <span class='ocrx_word' id='word_1_204' title='bbox 1574 3210 1634 3280; x_wconf 85' lang='lat' dir='ltr'>Sa·</span> 
     </span>
     <span class='ocr_line' id='line_1_27' title="bbox 443 3315 1634 3407; baseline 0.006 -27"><span class='ocrx_word' id='word_1_205' title='bbox 443 3315 558 3382; x_wconf 73' lang='lat' dir='ltr'>serdus</span> <span class='ocrx_word' id='word_1_206' title='bbox 582 3316 673 3382; x_wconf 85' lang='lat' dir='ltr'>dicat</span> <span class='ocrx_word' id='word_1_207' title='bbox 695 3316 783 3383; x_wconf 88' lang='lat' dir='ltr'>bunc</span> <span class='ocrx_word' id='word_1_208' title='bbox 806 3338 946 3400; x_wconf 72' lang='lat' dir='ltr'>uersum,</span> <span class='ocrx_word' id='word_1_209' title='bbox 980 3320 1111 3404; x_wconf 79' lang='lat' dir='ltr'>Replcti</span> <span class='ocrx_word' id='word_1_210' title='bbox 1130 3333 1211 3386; x_wconf 76' lang='lat' dir='ltr'>sarrit</span> <span class='ocrx_word' id='word_1_211' title='bbox 1231 3343 1342 3386; x_wconf 81' lang='lat' dir='ltr'>orrracs</span> <span class='ocrx_word' id='word_1_212' title='bbox 1363 3325 1488 3407; x_wconf 77' lang='lat' dir='ltr'>spiritu</span> <span class='ocrx_word' id='word_1_213' title='bbox 1510 3334 1634 3389; x_wconf 73' lang='lat' dir='ltr'>sancta·</span> 
     </span>
     <span class='ocr_line' id='line_1_28' title="bbox 443 3421 1637 3514; baseline 0.005 -27"><span class='ocrx_word' id='word_1_214' title='bbox 443 3421 604 3504; x_wconf 70' lang='lat' dir='ltr'>Collecta,</span> <span class='ocrx_word' id='word_1_215' title='bbox 628 3427 730 3507; x_wconf 81' lang='lat' dir='ltr'>ltrus,</span> <span class='ocrx_word' id='word_1_216' title='bbox 755 3430 816 3510; x_wconf 79' lang='lat' dir='ltr'>qui</span> <span class='ocrx_word' id='word_1_217' title='bbox 829 3428 985 3513; x_wconf 74' lang='lat' dir='ltr'>apostolis</span> <span class='ocrx_word' id='word_1_218' title='bbox 1001 3429 1078 3493; x_wconf 86' lang='lat' dir='ltr'>tuis.</span> <span class='ocrx_word' id='word_1_219' title='bbox 1117 3425 1175 3492; x_wconf 85' lang='lat' dir='ltr'>Ad</span> <span class='ocrx_word' id='word_1_220' title='bbox 1193 3425 1442 3512; x_wconf 83' lang='lat' dir='ltr'>completorium</span> <span class='ocrx_word' id='word_1_221' title='bbox 1459 3426 1637 3514; x_wconf 86' lang='lat' dir='ltr'>inponatur</span> 
     </span>
     <span class='ocr_line' id='line_1_29' title="bbox 444 3531 1637 3619; baseline 0.004 -26"><span class='ocrx_word' id='word_1_222' title='bbox 444 3550 574 3611; x_wconf 81' lang='lat' dir='ltr'>versus,</span> <span class='ocrx_word' id='word_1_223' title='bbox 614 3552 710 3616; x_wconf 67' lang='lat' dir='ltr'>&lt;quern</span> <span class='ocrx_word' id='word_1_224' title='bbox 742 3531 914 3598; x_wconf 86' lang='lat' dir='ltr'>dicendum</span> <span class='ocrx_word' id='word_1_225' title='bbox 945 3553 1007 3617; x_wconf 89' lang='lat' dir='ltr'>per</span> <span class='ocrx_word' id='word_1_226' title='bbox 1036 3531 1185 3619; x_wconf 80' lang='lat' dir='ltr'>singulas</span> <span class='ocrx_word' id='word_1_227' title='bbox 1215 3532 1315 3600; x_wconf 87' lang='lat' dir='ltr'>boras</span> <span class='ocrx_word' id='word_1_228' title='bbox 1342 3533 1407 3601; x_wconf 89' lang='lat' dir='ltr'>diei</span> <span class='ocrx_word' id='word_1_229' title='bbox 1431 3534 1637 3601; x_wconf 70' lang='lat' dir='ltr'>decemimus</span> 
     </span>
     <span class='ocr_line' id='line_1_30' title="bbox 443 3636 1636 3728; baseline 0.003 -26"><span class='ocrx_word' id='word_1_230' title='bbox 443 3658 612 3723; x_wconf 80' lang='lat' dir='ltr'>quousque</span> <span class='ocrx_word' id='word_1_231' title='bbox 642 3636 726 3704; x_wconf 82' lang='lat' dir='ltr'>iesta</span> <span class='ocrx_word' id='word_1_232' title='bbox 756 3636 1016 3722; x_wconf 82' lang='lat' dir='ltr'>concludantur,</span> <span class='ocrx_word' id='word_1_233' title='bbox 1053 3643 1143 3707; x_wconf 81' lang='lat' dir='ltr'>llr&#39;ac</span> <span class='ocrx_word' id='word_1_234' title='bbox 1176 3643 1300 3709; x_wconf 78' lang='lat' dir='ltr'>christe</span> <span class='ocrx_word' id='word_1_235' title='bbox 1326 3665 1414 3710; x_wconf 78' lang='lat' dir='ltr'>rrrtrrc</span> <span class='ocrx_word' id='word_1_236' title='bbox 1441 3642 1636 3728; x_wconf 76' lang='lat' dir='ltr'>paraclitus</span> 
     </span>
     <span class='ocr_line' id='line_1_31' title="bbox 443 3746 1186 3834; baseline 0.011 -26"><span class='ocrx_word' id='word_1_237' title='bbox 443 3753 543 3829; x_wconf 91' lang='lat' dir='ltr'>atque</span> <span class='ocrx_word' id='word_1_238' title='bbox 568 3746 687 3812; x_wconf 85' lang='lat' dir='ltr'>Gloria</span> <span class='ocrx_word' id='word_1_239' title='bbox 710 3748 774 3813; x_wconf 79' lang='lat' dir='ltr'>ati</span> <span class='ocrx_word' id='word_1_240' title='bbox 793 3748 932 3827; x_wconf 64' lang='lat' dir='ltr'>alambra,</span> <span class='ocrx_word' id='word_1_241' title='bbox 958 3751 1019 3834; x_wconf 81' lang='lat' dir='ltr'>qui</span> <span class='ocrx_word' id='word_1_242' title='bbox 1039 3751 1186 3817; x_wconf 81' lang='lat' dir='ltr'>scandis.</span> 
     </span>
     <span class='ocr_line' id='line_1_32' title="bbox 656 3850 1424 3940; baseline 0.008 -23"><span class='ocrx_word' id='word_1_243' title='bbox 656 3850 753 3918; x_wconf 88' lang='lat' dir='ltr'>Haec</span> <span class='ocrx_word' id='word_1_244' title='bbox 776 3859 905 3936; x_wconf 85' lang='lat' dir='ltr'>oportet</span> <span class='ocrx_word' id='word_1_245' title='bbox 930 3853 984 3937; x_wconf 82' lang='lat' dir='ltr'>agi</span> <span class='ocrx_word' id='word_1_246' title='bbox 1007 3852 1152 3921; x_wconf 78' lang='lat' dir='ltr'>adventu</span> <span class='ocrx_word' id='word_1_247' title='bbox 1176 3855 1312 3940; x_wconf 88' lang='lat' dir='ltr'>spiritus</span> <span class='ocrx_word' id='word_1_248' title='bbox 1333 3854 1424 3924; x_wconf 71' lang='lat' dir='ltr'>almi</span> 
     </span>
    </p>

    <p class='ocr_par' dir='ltr' id='par_1_9' title="bbox 443 3957 1638 4690">
     <span class='ocr_line' id='line_1_33' title="bbox 533 3957 1637 4047; baseline 0.004 -24"><span class='ocrx_word' id='word_1_249' title='bbox 533 3957 710 4025; x_wconf 85' lang='lat' dir='ltr'>LXXIII.</span> <span class='ocrx_word' id='word_1_250' title='bbox 735 3957 951 4026; x_wconf 85' lang='lat' dir='ltr'>Sanctissimo</span> <span class='ocrx_word' id='word_1_251' title='bbox 975 3960 1028 4027; x_wconf 81' lang='lat' dir='ltr'>(lie</span> <span class='ocrx_word' id='word_1_252' title='bbox 1052 3962 1159 4029; x_wconf 85' lang='lat' dir='ltr'>sancti</span> <span class='ocrx_word' id='word_1_253' title='bbox 1183 3969 1392 4047; x_wconf 86' lang='lat' dir='ltr'>pentecostes</span> <span class='ocrx_word' id='word_1_254' title='bbox 1415 3984 1489 4029; x_wconf 84' lang='lat' dir='ltr'>cuur</span> <span class='ocrx_word' id='word_1_255' title='bbox 1509 3982 1637 4028; x_wconf 86' lang='lat' dir='ltr'>summa</span> 
     </span>
     <span class='ocr_line' id='line_1_34' title="bbox 445 4064 1637 4154; baseline 0.006 -27"><span class='ocrx_word' id='word_1_256' title='bbox 445 4066 652 4132; x_wconf 77' lang='lat' dir='ltr'>ueneratione</span> <span class='ocrx_word' id='word_1_257' title='bbox 676 4072 775 4151; x_wconf 64' lang='lat' dir='ltr'>atique</span> <span class='ocrx_word' id='word_1_258' title='bbox 799 4064 973 4132; x_wconf 77' lang='lat' dir='ltr'>devotione</span> <span class='ocrx_word' id='word_1_259' title='bbox 989 4068 1123 4154; x_wconf 87' lang='lat' dir='ltr'>spiritus</span> <span class='ocrx_word' id='word_1_260' title='bbox 1140 4069 1246 4134; x_wconf 86' lang='lat' dir='ltr'>sancti</span> <span class='ocrx_word' id='word_1_261' title='bbox 1263 4067 1449 4135; x_wconf 85' lang='lat' dir='ltr'>celebretur</span> <span class='ocrx_word' id='word_1_262' title='bbox 1464 4068 1637 4135; x_wconf 86' lang='lat' dir='ltr'>adrentus.</span> 
     </span>
     <span class='ocr_line' id='line_1_35' title="bbox 443 4169 1636 4260; baseline 0.004 -23"><span class='ocrx_word' id='word_1_263' title='bbox 443 4169 578 4238; x_wconf 86' lang='lat' dir='ltr'>Debent</span> <span class='ocrx_word' id='word_1_264' title='bbox 608 4172 727 4258; x_wconf 76' lang='lat' dir='ltr'>‹prippe</span> <span class='ocrx_word' id='word_1_265' title='bbox 757 4172 791 4238; x_wconf 91' lang='lat' dir='ltr'>in</span> <span class='ocrx_word' id='word_1_266' title='bbox 821 4174 1071 4241; x_wconf 63' lang='lat' dir='ltr'>saturnalibus</span> <span class='ocrx_word' id='word_1_267' title='bbox 1102 4173 1268 4260; x_wconf 88' lang='lat' dir='ltr'>obsequiis</span> <span class='ocrx_word' id='word_1_268' title='bbox 1297 4196 1411 4242; x_wconf 87' lang='lat' dir='ltr'>omnes</span> <span class='ocrx_word' id='word_1_269' title='bbox 1441 4197 1636 4243; x_wconf 87' lang='lat' dir='ltr'>coronarum</span> 
     </span>
     <span class='ocr_line' id='line_1_36' title="bbox 444 4276 1637 4368; baseline 0.007 -28"><span class='ocrx_word' id='word_1_270' title='bbox 444 4276 615 4364; x_wconf 77' lang='lat' dir='ltr'>laruparles</span> <span class='ocrx_word' id='word_1_271' title='bbox 637 4277 818 4346; x_wconf 83' lang='lat' dir='ltr'>accendere</span> <span class='ocrx_word' id='word_1_272' title='bbox 842 4286 875 4345; x_wconf 90' lang='lat' dir='ltr'>et</span> <span class='ocrx_word' id='word_1_273' title='bbox 899 4287 1033 4348; x_wconf 86' lang='lat' dir='ltr'>caetera</span> <span class='ocrx_word' id='word_1_274' title='bbox 1056 4303 1183 4348; x_wconf 85' lang='lat' dir='ltr'>summo</span> <span class='ocrx_word' id='word_1_275' title='bbox 1202 4281 1313 4348; x_wconf 87' lang='lat' dir='ltr'>studio</span> <span class='ocrx_word' id='word_1_276' title='bbox 1329 4302 1541 4368; x_wconf 81' lang='lat' dir='ltr'>componere3</span> <span class='ocrx_word' id='word_1_277' title='bbox 1564 4280 1637 4364; x_wconf 71' lang='lat' dir='ltr'>Sig-</span> 
     </span>
     <span class='ocr_line' id='line_1_37' title="bbox 443 4384 1637 4476; baseline 0.006 -28"><span class='ocrx_word' id='word_1_278' title='bbox 443 4405 559 4450; x_wconf 83' lang='lat' dir='ltr'>nomur</span> <span class='ocrx_word' id='word_1_279' title='bbox 582 4384 786 4470; x_wconf 88' lang='lat' dir='ltr'>pulsationes</span> <span class='ocrx_word' id='word_1_280' title='bbox 809 4386 977 4453; x_wconf 81' lang='lat' dir='ltr'>modulate</span> <span class='ocrx_word' id='word_1_281' title='bbox 1001 4387 1174 4455; x_wconf 86' lang='lat' dir='ltr'>subtraere</span> <span class='ocrx_word' id='word_1_282' title='bbox 1197 4396 1299 4474; x_wconf 89' lang='lat' dir='ltr'>atque</span> <span class='ocrx_word' id='word_1_283' title='bbox 1322 4388 1365 4455; x_wconf 77' lang='lat' dir='ltr'>acl</span> <span class='ocrx_word' id='word_1_284' title='bbox 1389 4389 1541 4455; x_wconf 86' lang='lat' dir='ltr'>ultimum</span> <span class='ocrx_word' id='word_1_285' title='bbox 1562 4411 1637 4476; x_wconf 90' lang='lat' dir='ltr'>per·</span> 
     </span>
     <span class='ocr_line' id='line_1_38' title="bbox 443 4493 1638 4581; baseline 0.007 -27"><span class='ocrx_word' id='word_1_286' title='bbox 443 4498 589 4575; x_wconf 81' lang='lat' dir='ltr'>strepere</span> <span class='ocrx_word' id='word_1_287' title='bbox 613 4500 833 4560; x_wconf 89' lang='lat' dir='ltr'>consonantes</span> <span class='ocrx_word' id='word_1_288' title='bbox 856 4493 889 4559; x_wconf 90' lang='lat' dir='ltr'>iu</span> <span class='ocrx_word' id='word_1_289' title='bbox 917 4516 1018 4561; x_wconf 75' lang='lat' dir='ltr'>unitur</span> <span class='ocrx_word' id='word_1_290' title='bbox 1049 4495 1175 4562; x_wconf 87' lang='lat' dir='ltr'>tarudiu</span> <span class='ocrx_word' id='word_1_291' title='bbox 1206 4516 1379 4581; x_wconf 72' lang='lat' dir='ltr'>«quousque</span> <span class='ocrx_word' id='word_1_292' title='bbox 1408 4496 1555 4562; x_wconf 77' lang='lat' dir='ltr'>infantes</span> <span class='ocrx_word' id='word_1_293' title='bbox 1584 4517 1638 4562; x_wconf 79' lang='lat' dir='ltr'>re·</span> 
     </span>
     <span class='ocr_line' id='line_1_39' title="bbox 444 4595 1638 4690; baseline 0.008 -30"><span class='ocrx_word' id='word_1_294' title='bbox 444 4595 536 4662; x_wconf 81' lang='lat' dir='ltr'>rriaut</span> <span class='ocrx_word' id='word_1_295' title='bbox 560 4597 593 4662; x_wconf 88' lang='lat' dir='ltr'>in</span> <span class='ocrx_word' id='word_1_296' title='bbox 617 4596 798 4668; x_wconf 86' lang='lat' dir='ltr'>ecclesiam.</span> <span class='ocrx_word' id='word_1_297' title='bbox 830 4600 885 4666; x_wconf 78' lang='lat' dir='ltr'>aa</span> <span class='ocrx_word' id='word_1_298' title='bbox 902 4599 1105 4669; x_wconf 85' lang='lat' dir='ltr'>l’itatorium</span> <span class='ocrx_word' id='word_1_299' title='bbox 1128 4608 1287 4687; x_wconf 89' lang='lat' dir='ltr'>quattuor</span> <span class='ocrx_word' id='word_1_300' title='bbox 1307 4603 1489 4670; x_wconf 76' lang='lat' dir='ltr'>vestiantur</span> <span class='ocrx_word' id='word_1_301' title='bbox 1511 4604 1638 4690; x_wconf 88' lang='lat' dir='ltr'>cappis.</span> 
     </span>
    </p>
   </div>
   <div class='ocr_carea' id='block_1_9' title="bbox 0 0 1900 5375">
    <p class='ocr_par' dir='ltr' id='par_1_10' title="bbox 0 0 1900 5375">
     <span class='ocr_line' id='line_1_40' title="bbox 0 0 1900 5375; baseline 0 3"><span class='ocrx_word' id='word_1_302' title='bbox 0 0 1900 5375; x_wconf 95' lang='lat' dir='ltr'> </span> 
     </span>
    </p>
   </div>
  </div>
 </body>
</html>
