3792 5375
845 536 880 548 -
917 505 982 560 xvl
1021 533 1052 544 -·

449 683 516 749 Sed
533 706 592 750 cur
607 682 687 748 baec
704 683 815 748 omnia
831 681 1026 748 recensere?
1053 681 1174 748 Lector
1189 680 1394 767 inspiciendo
1410 699 1546 747 consuc-

362 789 488 857 tudines
500 799 630 855 nostras
644 790 746 855 orrdto
759 788 873 854 melios
886 788 1016 870 ridebit,
1031 788 1109 873 qaid
1119 788 1267 854 nrorrachi
1277 788 1454 855 Far-fenses
1463 786 1544 853 fece·

364 898 436 979 rint,
453 897 663 982 quamam
684 895 848 962 duxerint.
872 894 907 961 Si
927 918 1003 963 rere
1020 918 1115 963 rores
1134 894 1265 981 aliquae
1285 895 1390 960 surinus
1405 893 1546 960 usitatae

363 1011 545 1082 occurrunt,
570 1004 603 1068 io
627 1002 734 1070 indice
759 1000 963 1079 ,Verborum
989 1003 1242 1070 urouasticorum
1267 1008 1301 1069 et
1323 1002 1542 1069 exoticorurn‘

363 1133 471 1177 earnm
502 1108 765 1195 explanationem
804 1110 962 1192 inreuiet,
1002 1131 1098 1195 quem
1129 1115 1305 1196 eapropter
1337 1107 1546 1176 confecimus.

363 1218 430 1284 Alii
452 1239 552 1304 porro
575 1217 700 1284 indices
723 1216 846 1302 adjecti
872 1223 958 1298 sunt,
989 1239 1053 1302 quo
1077 1215 1206 1283 facilins
1230 1215 1351 1284 eradat
1374 1238 1414 1283 ca
1437 1215 1548 1283 omnia

363 1324 515 1404 invenire,
539 1344 624 1408 quae
648 1323 711 1409 ipsi
735 1323 905 1390 eornruodo
929 1344 1001 1391 esse
1023 1324 1159 1409 possint.

452 1431 572 1497 liestat
595 1431 693 1497 otiis
717 1429 794 1496 siris
818 1429 947 1495 debitas
975 1450 1111 1514 argeruus
1140 1430 1284 1515 gratias,
1315 1430 1371 1516 qui
1401 1429 1547 1513 consilio,
1608 1457 1611 1462 ·

362 1537 482 1620 farore,
507 1538 555 1603 rel
581 1537 645 1605 alio
669 1538 784 1623 «prioris
807 1536 904 1603 modo
922 1538 953 1602 in
971 1536 1106 1604 edendis
1123 1536 1412 1605 conmotudiaibus
1428 1535 1547 1603 auxilio

364 1644 455 1711 nobis
479 1643 579 1714 fuere.
619 1644 823 1730 Praeprimis
846 1644 1037 1711 ncrniaandi
1060 1654 1136 1712 sunt
1161 1645 1243 1711 ltms
1259 1651 1293 1711 ct
1308 1642 1428 1730 Ampls
1444 1642 1486 1713 D.
1503 1642 1546 1714 D.

362 1750 548 1818 Bonifatius
571 1750 738 1818 Osliinder
760 1750 803 1818 0.
828 1751 862 1820 S.
888 1750 928 1821 B.
953 1750 1071 1819 Ablras
1101 1760 1134 1818 et
1164 1752 1363 1819 Ordinarius
1393 1749 1427 1819 S.
1452 1751 1548 1817 Pauli

363 1858 403 1925 de
428 1857 528 1942 Urbe,
564 1859 619 1944 qui
654 1880 720 1925 una
754 1881 827 1925 curn
858 1859 1027 1926 monacbis
1058 1861 1124 1926 suis
1161 1869 1308 1926 autorem
1345 1881 1412 1926 non
1447 1858 1547 1925 semel

362 1966 501 2033 Romam
526 1966 709 2033 venientem
732 1965 873 2050 benigne
895 1988 1024 2053 semper
1046 1966 1187 2052 bospitio
1211 1967 1349 2053 excepit,
1373 1987 1500 2032 necnon
1516 1973 1549 2032 et

362 2072 579 2140 bibliothecae
609 2072 796 2140 l'aticanac
829 2074 953 2159 primus
984 2083 1095 2140 custos
1126 2074 1166 2140 1¹.
1182 2073 1226 2140 Ι).
1244 2074 1285 2140 1⁴¹.
1308 2072 1424 2153 Ehrle,
1455 2072 1548 2158 cujus

362 2179 583 2247 urbanitatem
606 2202 720 2247 omnes
743 2180 904 2247 celebrem
928 2181 1026 2247 istam
1050 2179 1282 2248 bibliothecam
1299 2181 1470 2247 visitantes
1494 2203 1547 2245 ex·

364 2287 523 2374 ploratum
560 2286 700 2367 liabent,
736 2287 813 2355 dein
848 2286 1032 2354 confratres
1067 2287 1129 2354 nrei
1163 2287 1244 2354 ani
1279 2294 1313 2354 et
1347 2286 1550 2353 dilectissimi

362 2393 443 2464 P.P.
468 2393 559 2464 Ι).Ι).
594 2393 689 2461 Beda
720 2393 867 2477 Hessen,
903 2394 1080 2462 Ursmarus
1110 2392 1259 2461 Berlierc
1289 2401 1322 2461 et
1352 2392 1550 2461 Heribcrtus

362 2499 540 2585 Plenlrers,
576 2507 672 2586 grato
703 2523 804 2588 porro
834 2502 943 2567 anirne
974 2522 1080 2588 neque
1110 2499 1223 2568 ultimo
1253 2500 1326 2568 loco
1358 2499 1549 2568 recensendi

363 2606 402 2673 P.
420 2607 464 2678 D.
481 2606 582 2676 Odilo
605 2607 827 2675 Rottmanner
850 2615 884 2675 et
907 2606 1005 2675 Odilo
1029 2607 1200 2696 Ringbolz,
1224 2609 1288 2676 iste
1312 2607 1448 2675 archivii
1471 2607 1550 2674 Ein-

362 2714 530 2798 sidlcusis,
564 2715 620 2811 ille
654 2715 704 2786 St.
740 2714 898 2783 Bonifatii
932 2715 1145 2786 Monacensis
1178 2716 1399 2784 bibliothecae
1434 2716 1551 2783 doctus

363 2832 483 2905 custos,
506 2825 575 2891 cari
599 2824 706 2908 aurici,
732 2824 788 2892 fidi
813 2824 922 2910 operis
945 2823 1215 2895 collaboratores

449 2930 614 3016 Exiguum
637 2932 700 2999 lroc
724 2938 870 2998 nostrum
900 2930 1093 3018 opusculum
1125 2938 1193 2998 tam
1224 2932 1301 2998 viris
1330 2930 1487 2998 litteratis
1515 2938 1549 2997 et

362 3038 532 3105 universae
555 3039 602 3105 rei
625 3038 779 3125 publicae
802 3037 1030 3106 benedictinae
1053 3038 1197 3123 utilitati,
1221 3061 1319 3125 quam
1337 3036 1401 3105 Dei
1423 3037 1547 3126 glorioe

364 3144 568 3232 profuturnm
592 3166 774 3232 speramus,
798 3167 959 3213 memores
981 3145 1087 3230 istius,
1111 3144 1199 3232 quod
1221 3146 1256 3218 in
1279 3144 1394 3232 regula
1417 3166 1480 3211 sua
1502 3145 1551 3212 uit

363 3250 612 3319 occidentalium
642 3252 876 3320 monachorum
907 3252 1096 3339 Legislator
1125 3259 1159 3320 et
1189 3251 1388 3320 Patriarcha
1420 3251 1488 3334 „Ut
1517 3252 1551 3319 io

363 3357 512 3427 orrrnibns
534 3358 739 3445 glorificetur
761 3359 886 3430 Deus.“

452 3465 549 3553 erod
573 3467 601 3533 si
624 3473 735 3533 sotum
759 3466 822 3533 boc
838 3474 985 3535 nostnmr
1003 3466 1244 3554 adimplebitur,
1268 3467 1337 3534 alia
1352 3466 1550 3554 subsequen·

364 3580 419 3639 tur
448 3572 614 3640 rolarnina
643 3574 676 3640 in
707 3574 814 3660 iisqne
844 3583 988 3654 statuta,
1019 3575 1149 3661 regulas
1173 3580 1274 3662 atque
1297 3574 1551 3641 consuetudines

364 3681 633 3747 ruonasten'orum
658 3681 765 3748 medio
788 3703 870 3748 aero
894 3681 1108 3749 celebriorum
1132 3681 1255 3769 publici
1275 3681 1360 3767 juris
1377 3681 1551 3766 faciemns3

363 3787 473 3873 plures
497 3789 616 3853 etenim
641 3789 774 3855 orrrrrine
797 3787 905 3856 adlmc
927 3790 1043 3871 latent,
1068 3789 1156 3856 sicut
1170 3788 1385 3856 Subluceusis
1401 3795 1436 3856 et
1450 3789 1551 3856 Bres-

365 3894 526 3962 noriensis
549 3893 758 3962 abbatiarum
783 3894 1047 3977 consuetudines,
1078 3894 1164 3961 aliae
1186 3895 1296 3964 editae
1320 3895 1463 3982 quidem,
1493 3893 1552 3964 sed

364 3999 416 4067 lric
439 3999 518 4067 illuc
541 3999 711 4087 dispersae
734 4000 786 4068 rel
810 4002 1003 4087 ignorantur
1026 4002 1075 4070 rel
1092 4003 1268 4070 collatione
1284 4026 1358 4072 cum
1382 4002 1552 4071 codicibus

365 4108 594 4195 manuscriptis
628 4110 718 4175 faeta
749 4131 867 4176 noram
897 4110 1038 4177 suadent
1067 4110 1334 4197 publicationem.
1387 4109 1553 4180 Velamen

365 4213 542 4281 sectandum
566 4215 640 4282 Deo
663 4214 842 4302 adjurante
858 4217 1110 4285 consuetudines
1126 4215 1345 4286 Sublacenscs
1361 4217 1551 4287 continebit.

365 4373 555 4442 Scribebam
578 4374 738 4443 Montis
761 4374 934 4445 Cossini
957 4376 1010 4444 die
1035 4381 1078 4444 29
1102 4376 1229 4465 Aprilis
1256 4383 1370 4446 tsaa·

1207 4543 1334 4619 Bruno
1363 4542 1498 4620 Albers
1871 4637 1873 4660 Ι

1156 4664 1424 4737 (ἔοιιετος.Βειιτοιι.
1436 4663 1553 4722 ΜΒ.
1868 4698 1878 5080 p
