3792 5375
939 569 1162 630 ..63-

465 782 573 847 supra,
600 770 677 827 aute
701 760 786 826 iores
809 757 996 842 aecclesiae,
1019 760 1075 825 ubi
1099 780 1194 826 sacra
1218 781 1314 846 agere
1337 758 1469 838 debent,
1493 756 1643 843 protinus

464 877 497 932 ut
522 867 642 934 ibidem
660 867 807 933 uenerint
831 868 969 952 inponat
993 876 1108 932 cantor
1130 866 1371 953 responsorium
1387 863 1429 930 de
1453 872 1643 930 sarrctorum

465 974 608 1059 reliquiis
638 973 683 1039 ibi
706 974 924 1052 consecratis,
954 973 1053 1058 signis
1083 973 1297 1059 pulsantibus.
1352 967 1496 1038 P'eracto
1529 970 1642 1055 itaque

463 1081 667 1165 responsorio
692 1080 779 1145 dicat
803 1079 1098 1145 sacerdosuersuru
1123 1089 1223 1164 atque
1246 1080 1425 1145 orationem
1450 1076 1641 1144 eorumdum

462 1196 658 1268 ssitretoium,
679 1194 711 1251 et
729 1190 890 1254 Dominus
904 1188 1081 1254 uobiscum.
1117 1186 1198 1252 Post
1215 1207 1340 1252 uersum
1358 1185 1503 1250 seniores
1514 1193 1641 1269 ponant

430 1381 432 1384 .
462 1294 681 1378 plnlacterias
705 1316 802 1378 snper
832 1293 939 1358 altare
968 1292 1041 1358 hinc
1064 1303 1097 1360 et
1121 1292 1213 1375 inde,
1238 1292 1333 1358 sicuti
1356 1292 1389 1357 in
1413 1290 1513 1357 elioro
1537 1291 1641 1356 cousi·

462 1410 562 1477 siniit,
576 1399 737 1466 flectendo
752 1421 873 1484 genita:
886 1421 962 1466 mox
981 1407 1016 1465 ut
1034 1401 1158 1486 positas
1175 1398 1359 1481 habuerint,
1379 1397 1502 1466 iaciant
1519 1396 1640 1462 oratio·

461 1527 533 1571 nem
558 1506 654 1573 simul
678 1516 710 1573 et
733 1515 833 1591 agant
856 1528 991 1590 nouam,
1027 1505 1180 1572 sacerdos
1204 1527 1276 1572 cum
1304 1504 1460 1570 ministris
1483 1502 1641 1570 induatur

278 1639 322 1668 ι.
367 1640 374 1661 ¹
463 1614 661 1679 vestimentis
685 1615 798 1680 sacris.
845 1611 1020 1679 Secretarii
1048 1619 1158 1679 autern
1181 1613 1371 1699 priusquam
1402 1610 1479 1677 illue
1510 1610 1641 1699 conse][

461 1720 551 1786 rriaut
576 1720 705 1794 iratres.
729 1719 874 1786 babeant
889 1721 999 1786 omnia
1014 1729 1223 1806 praeparata,
1247 1729 1279 1786 et
1302 1719 1404 1805 pallio
1427 1719 1526 1784 misso
1542 1739 1641 1803 super

460 1826 575 1909 altare,
600 1837 633 1894 et
656 1828 763 1913 scirpo
794 1828 827 1894 in
858 1829 1045 1913 parimento
1078 1827 1243 1913 capellae,
1275 1827 1350 1892 ilico
1385 1834 1422 1892 ut
1445 1825 1527 1891 hors
1550 1823 1640 1891 dictu

460 1932 568 2013 luerit,
593 1933 831 2020 paraphonista
854 1934 990 2019 incipiat
1014 1934 1168 2018 osticium,
1192 1932 1344 1999 sacerdos
1360 1931 1534 2000 collectam
1550 1930 1639 1997 dicat

460 2041 491 2106 in
515 2042 629 2125 primis
652 2042 753 2126 ipsius
776 2040 840 2107 diei
864 2042 1090 2127 pertinentem,
1115 2051 1146 2106 et
1171 2040 1269 2107 aliam
1288 2039 1329 2106 de
1353 2048 1542 2106 sanctornm
1566 2038 1639 2104 reli-

459 2148 579 2232 ‹piiisb
600 2147 720 2215 ibidem
743 2147 871 2215 dicatis.
919 2148 1002 2214 Post
1031 2149 1203 2214 lectionem
1226 2146 1448 2233 euangelicam
1473 2147 1639 2231 accipiant

458 2254 624 2320 licentiam
647 2254 732 2320 illia
754 2255 873 2339 ‹prilms
897 2259 1019 2340 Agnus
1043 2259 1111 2322 Ilei
1130 2263 1180 2321 est
1204 2253 1448 2334 decantandus,
1481 2263 1513 2318 et
1538 2252 1640 2318 ebdo-

458 2362 550 2426 marii
575 2362 733 2446 coquinae
757 2384 830 2427 cum
853 2362 1120 2447 procuratoribus
1142 2361 1313 2428 refectorii.
1359 2359 1572 2427 Ollereudom
1588 2369 1639 2425 at·

458 2489 520 2552 que
545 2467 664 2533 Pacem
697 2489 778 2533 rinus
812 2469 922 2537 saciat.
976 2467 1223 2554 Recipieutibus
1252 2466 1387 2552 singulis
1418 2465 1640 2552 phylacteriae

458 2596 530 2640 curn
555 2574 700 2660 reliquiis
730 2596 836 2661 genua
866 2574 1002 2642 flectant
1027 2587 1063 2641 ut
1093 2575 1193 2661 prius.
1239 2574 1367 2642 Dehinc
1390 2573 1457 2642 duo
1480 2572 1639 2659 incipiunt
1724 2580 1729 2588 '

459 2681 648 2751 laetaniam,
666 2679 783 2768 quibus
811 2684 963 2750 annuerit
992 2683 1154 2750 armarius
1177 2681 1218 2748 de
1241 2680 1421 2768 majoribus
1444 2690 1503 2751 aut
1527 2680 1639 2749 dein·

459 2787 620 2869 lantibus,
649 2790 756 2876 Kyrir
791 2792 910 2857 cleison
941 2812 1016 2857 rere
1046 2788 1230 2857 dicentibus
1258 2812 1323 2874 quo
1355 2811 1458 2875 usque
1489 2790 1640 2857 veniatur

458 2896 500 2961 nd
524 2918 641 2962 nornen»
666 2896 752 2962 beati
773 2896 944 2981 johannis,
968 2905 1000 2963 et
1024 2904 1102 2962 tunc
1126 2896 1236 2963 dicant
1258 2917 1377 2963 nomeu
1405 2896 1512 2963 sancti
1535 2896 1639 2982 ipsius

458 3001 636 3069 aecclesiae
660 3004 782 3088 proprii
805 3003 932 3070 duobus
969 3004 1106 3084 vicibus,
1135 3003 1211 3071 dein
1244 3003 1369 3070 sarciant
1403 3003 1514 3070 cuncti
1547 3025 1637 3070 rere·

460 3110 608 3179 rentiam.
650 3109 705 3176 llli
722 3119 756 3175 ut
773 3132 874 3196 supra
889 3110 1052 3191 inchoent,
1077 3118 1204 3180 Sancta
1221 3113 1336 3178 ,llon'o
1357 3117 1389 3176 et
1405 3111 1489 3178 slios
1505 3118 1638 3177 sanctos

458 3217 513 3300 qui
530 3226 719 3301 sequuntm,
735 3217 822 3301 «prtod
840 3239 1100 3303 unumquemque
1112 3216 1162 3284 bis
1186 3217 1307 3284 dicant.
1338 3217 1474 3284 Debent
1497 3238 1638 3304 namque

459 3320 620 3389 revertere
651 3344 709 3410 per
737 3325 903 3408 ordinem,
927 3324 1026 3390 veluti
1050 3333 1218 3391 venerunt.
1266 3323 1485 3391 Venientibus
1508 3345 1637 3410 qnoque

407 3516 410 3521 ·
459 3438 535 3495 aitte
569 3428 678 3497 salsas
707 3431 885 3499 aecclesiae
916 3432 1062 3498 laetania
1091 3431 1261 3516 conclusa,
1292 3440 1369 3498 tunc
1403 3431 1449 3497 illi
1480 3431 1546 3498 duo
1574 3431 1638 3498 cir·

459 3536 602 3603 cundati
632 3539 747 3624 cappis
776 3560 861 3604 tirius
888 3537 981 3619 binc,
1005 3538 1087 3605 alius
1114 3537 1190 3604 inde
1213 3538 1381 3624 imponant
1406 3543 1530 3624 Agtrrrs
1553 3539 1637 3619 Dei:

458 3642 656 3725 dicentibus,
688 3645 804 3714 Gloria
827 3648 946 3724 Patri,
970 3647 1094 3712 intrent
1116 3666 1229 3712 ornnes
1252 3645 1456 3715 aecclesiam.
1502 3644 1639 3711 Interea

459 3749 569 3817 famuli
594 3759 769 3836 personent
792 3751 895 3837 signa
938 3752 1077 3818 Fratres
1100 3758 1211 3819 autern
1235 3753 1394 3838 inponant
1416 3751 1639 3838 phylacteriae

458 3878 556 3944 super
584 3879 729 3924 mensam
763 3858 895 3937 altaris,
931 3859 1097 3925 cursando
1126 3880 1243 3943 genna.
1297 3858 1481 3945 Postquam
1512 3859 1638 3945 positas

457 3963 647 4045 habuerint,
683 3965 783 4050 signis
815 3963 957 4032 dimissis
992 3966 1056 4032 duo
1086 3965 1143 4032 illo
1172 3965 1283 4032 sinisti
1323 3966 1439 4053 cappis
1474 3964 1637 4049 inchoent,

459 4075 597 4140 aaaron·
617 4074 720 4140 Ibus.
759 4071 876 4139 Clerus
900 4070 1143 4159 respondeat.⁸)
1166 4071 1259 4139 Tunc
1281 4071 1329 4139 illi
1352 4081 1391 4139 ut
1412 4075 1543 4160 (supra)
1559 4072 1636 4153 duo.
1685 4093 1687 4097 ·

458 4182 596 4247 Arason·
623 4183 712 4247 ‹ie-ras.
760 4176 987 4265 subsequatur
1015 4177 1150 4262 Clenn,
1181 4181 1346 4247 Miserere
1372 4182 1475 4248 trabis.
1521 4178 1639 4248 Denuo

458 4285 506 4351 illi
529 4284 607 4366 bini,
632 4289 769 4353 Ειάιιιίὶ
783 4288 871 4363 rictas,
896 4294 930 4352 et
949 4285 1057 4353 clerus
1079 4294 1253 4371 concrepet
1273 4286 1358 4354 lianc
1379 4286 1638 4374 responsionem,

458 4396 580 4480 Populi
600 4398 659 4460 tui.
705 4392 843 4459 Interim
875 4393 940 4460 duo
969 4393 1015 4459 illi
1044 4415 1118 4460 cum
1142 4393 1256 4481 cappis
1278 4393 1410 4475 (limet,
1433 4393 1534 4461 tertis
1555 4393 1638 4473 vioe,

547 4644 568 4711 ¹)
586 4642 619 4700 ln
639 4648 733 4700 textas
751 4641 924 4714 retiqutbun'

545 4730 570 4801 ·)
588 4731 703 4788 bisara.
