3792 5375
859 481 1082 543 -28-·

384 671 589 739 refectorium
610 673 657 738 ita
670 692 729 756 ner
742 671 905 739 ordinem:
923 673 1069 759 Majores
1094 695 1152 757 per
1168 672 1346 740 claustrum
1365 674 1452 760 quod
1465 675 1562 759 juxta

386 778 520 845 ecclesia
544 787 603 845 est.
650 778 801 844 Infantes
825 780 887 845 iter
910 788 1011 862 agant
1027 802 1087 866 per
1110 779 1243 845 sculum.
1278 780 1367 847 Dum
1384 780 1563 848 coadunati

386 884 504 950 suerint
516 893 608 950 sonet
627 885 718 969 prior
730 885 853 950 scillam
869 893 903 950 et
919 885 1012 951 bibat
1026 887 1247 972 uuusquisque
1262 909 1335 953 cum
1348 910 1408 954 sne
1421 888 1563 974 justitia.
1618 860 1625 953 l

386 990 514 1056 Exinde
536 998 630 1056 sonet
654 1013 755 1056 uirum
778 991 878 1056 ictum
903 999 937 1057 et
961 992 1047 1058 tacto
1077 1015 1181 1077 parvo
1205 994 1378 1061 interuallo
1401 995 1564 1080 percutiat

386 1105 451 1163 tres
474 1099 561 1162 uices
583 1097 689 1181 ipsam
713 1104 746 1162 et
770 1099 816 1162 sic
833 1098 970 1165 redeant
986 1098 1030 1165 ud
1046 1099 1219 1183 legendum
1243 1101 1271 1165 si
1295 1100 1377 1167 liora
1393 1100 1564 1186 permittit.

385 1202 441 1268 Ad
465 1225 635 1287 vesperum
666 1206 927 1288 responsorium,
951 1210 1033 1291 Spes
1056 1231 1130 1274 tacu
1160 1210 1256 1289 detes,
1280 1229 1379 1292 quum
1410 1205 1565 1273 ebdoma-

387 1307 499 1375 darius
522 1308 624 1375 irater
647 1309 746 1375 dicat.
786 1308 939 1377 Omnium
956 1312 1023 1378 sint
1037 1312 1137 1398 positi
1161 1310 1267 1377 vultus
1289 1321 1407 1380 contra
1429 1313 1566 1378 orientis

387 1424 513 1501 partem
534 1437 637 1500 nsque
659 1417 735 1482 dnm
754 1419 873 1485 Gloria
881 1424 983 1505 putri
1003 1418 1204 1504 imposuerit.
1241 1417 1296 1485 Sic
1321 1418 1442 1486 debent
1457 1418 1567 1486 tacere
1670 1422 1673 1426 ’

387 1523 427 1588 de
451 1524 577 1589 eunctis
599 1522 812 1590 brevioribus.
860 1523 900 1589 In
925 1524 1098 1591 cotidianis
1121 1524 1236 1592 (liebus
1259 1524 1409 1592 istudne
1433 1545 1567 1610 respon·

387 1631 475 1696 soria
498 1651 519 1695 u
540 1630 687 1715 puerulis
702 1630 848 1714 paruulis
863 1653 967 1716 usqne
984 1630 1124 1698 serbbato
1140 1633 1414 1718 quadragesimae
1426 1630 1568 1698 dicenda

388 1745 463 1803 sunt
486 1736 650 1803 videlieet:
683 1739 767 1823 Spes
797 1763 869 1805 mm
897 1746 931 1804 et
955 1740 1103 1825 Afficior
1125 1762 1216 1806 oteres
1238 1752 1305 1807 esto
1328 1741 1419 1806 deris.
1467 1737 1569 1805 Liber

387 1844 513 1928 genesis
536 1842 718 1927 legaturud
742 1843 884 1911 odicium
908 1845 1101 1912 nocturnale
1117 1845 1232 1912 tandiu
1255 1868 1425 1932 quousque
1448 1845 1492 1912 sit
1514 1866 1568 1912 er·

388 1950 505 2036 pietus
551 1950 604 2017 Ac
626 1950 745 2017 deinde
768 1952 835 2032 ulii,
861 1952 915 2037 qui
939 1961 1014 2038 post
1037 1953 1143 2038 ipsum
1167 1959 1294 2019 restant
1316 1960 1386 2019 tam
1410 1953 1443 2018 in
1467 1951 1569 2018 resec·

390 2059 484 2140 torio,
497 2079 592 2142 quam
606 2059 640 2124 in
652 2059 827 2133 aecclesiis
843 2068 878 2136 nt
891 2059 957 2125 sint
973 2058 1106 2147 exacuti
1123 2060 1157 2125 in
1173 2059 1282 2144 capite
1291 2059 1418 2144 jejunii.
1443 2058 1483 2124 In
1496 2058 1568 2142 ipsa
1586 2094 1588 2097 ·

390 2165 571 2251 septimane
593 2165 713 2232 tollunt
736 2164 903 2230 dimidium
927 2166 1126 2231 cortinarum
1144 2166 1387 2232 aecclesiarum.
1426 2164 1571 2231 Privatis

390 2279 499 2337 autem
523 2270 636 2337 diebus
660 2271 746 2355 ilico,
770 2279 807 2337 nt
823 2271 962 2339 exieriut
977 2271 1019 2337 de
1035 2272 1180 2338 oratorio
1196 2271 1248 2338 dei
1264 2272 1432 2359 genitricis
1447 2271 1570 2337 muriae

389 2385 464 2465 post
482 2400 644 2465 resperas,
666 2377 838 2445 confestim
852 2386 930 2445 eant
946 2379 980 2445 in
997 2378 1223 2445 donnitorinm
1236 2387 1336 2464 atque
1348 2378 1571 2464 unusquisque

389 2485 553 2553 discaltiet
574 2506 609 2551 se
632 2484 800 2551 diurnales
816 2492 850 2552 et
872 2486 988 2552 inrlrmt
1012 2485 1231 2554 nocturnales.
1265 2485 1431 2569 Vam'nam
1446 2484 1573 2571 pariter

389 2615 463 2659 cum
486 2591 618 2659 cultello
641 2591 795 2659 auferunt
822 2601 855 2659 et
879 2594 980 2678 capiti
1011 2616 1070 2659 sno
1094 2593 1267 2661 collocent.
1313 2591 1439 2658 Exiens
1461 2596 1572 2659 sutem

391 2722 525 2787 parrum
549 2699 609 2766 tint
631 2701 837 2766 intervallum
854 2700 1006 2768 uidelicet
1023 2723 1125 2786 usque
1141 2700 1219 2767 dum
1234 2697 1463 2767 coadunentur
1476 2681 1572 2784 pueri

391 2830 463 2875 cum
486 2806 651 2892 magistris
675 2809 706 2873 in
728 2806 817 2874 scola
841 2815 875 2874 et
887 2806 1026 2875 codices·
1034 2793 1223 2894 uperudriut
1238 2813 1271 2873 et
1287 2804 1573 2891 quantulumcum-

393 2936 455 2999 que
471 2913 583 2980 subter
602 2912 766 2980 sileutium
782 2914 954 2999 legererint,
978 2923 1013 2981 et
1027 2923 1107 2981 tunc
1123 2912 1319 2981 secretarius
1334 2912 1572 2996 sonetnsignum
1698 2955 1699 2958 =

393 3020 506 3088 tandiu
531 3041 700 3107 quousque
723 3028 802 3088 eant
831 3021 973 3088 inientes
1003 3028 1038 3088 et
1067 3028 1169 3105 agunt
1192 3018 1335 3086 osticium
1362 3040 1403 3084 ex
1426 3018 1573 3084 mortuis.

394 3126 522 3195 Deinde
544 3138 661 3194 exeant
685 3130 719 3194 in
742 3128 887 3195 elaustro
903 3136 937 3195 et
959 3128 1025 3194 suis
1040 3127 1234 3194 lectionibus
1251 3123 1411 3192 meditent
1426 3124 1574 3212 aliquau-

395 3235 497 3301 tulum
520 3244 554 3301 et
576 3242 654 3302 tunc
677 3237 768 3320 prior
790 3235 972 3322 eqrnbalum
988 3234 1152 3321 percutiat
1168 3242 1202 3301 et
1224 3240 1361 3318 surgunt
1383 3240 1417 3298 et
1439 3230 1578 3298 abluunt

395 3363 509 3408 manus
532 3363 609 3409 suas
632 3344 864 3427 unnsquisque.
899 3342 1051 3428 Denique
1075 3342 1144 3407 siue
1160 3347 1320 3406 moreest
1336 3339 1436 3425 prior,
1453 3337 1505 3404 vel
1519 3338 1577 3406 ille

395 3450 450 3536 qui
474 3449 622 3516 ordinem
645 3449 798 3528 tennerit,
823 3455 924 3533 utque
948 3448 1074 3514 scillam
1098 3446 1217 3533 pauloet.
1251 3446 1341 3513 Nam
1357 3446 1385 3512 si
1401 3446 1520 3533 uliquis
1536 3467 1577 3513 ex

396 3555 551 3622 iratribus
574 3563 673 3623 antee
695 3555 882 3642 peruenerit
904 3577 970 3621 non
993 3559 1183 3640 praesumat
1206 3551 1386 3620 consedere
1407 3573 1603 3638 usquequo·

396 3663 450 3729 ille
472 3663 505 3729 iu
530 3684 622 3729 sunm
645 3663 791 3728 ordinem
817 3662 942 3729 sedeat.
989 3661 1025 3728 Si
1048 3660 1121 3746 quis
1144 3658 1188 3726 ud
1210 3679 1368 3746 praeseus
1385 3679 1497 3724 versus
1511 3679 1579 3725 non

397 3768 495 3836 inerit
510 3790 574 3835 uon
587 3768 830 3856 remediatore),
852 3768 909 3834 sed
925 3761 1021 3834 entra
1032 3768 1168 3853 januum
1183 3770 1319 3853 perstet,
1336 3784 1505 3849 quousque
1521 3763 1579 3830 ud·

398 3877 523 3943 venerit
544 3875 609 3958 ille,
633 3877 688 3961 qni
712 3876 860 3941 ordinem
885 3874 1044 3957 tennerit3
1070 3871 1190 3938 deindo
1214 3876 1352 3955 acceptu
1375 3868 1508 3935 licentia
1529 3870 1579 3935 in·

397 3983 575 4069 grediatur.
621 3983 792 4048 Exeuntes
822 3983 940 4048 itermn
971 3979 1109 4047 sedeant
1136 3979 1170 4044 in
1200 3977 1344 4044 claustro
1374 3996 1477 4061 usque
1501 3974 1580 4041 dum

399 4092 526 4174 signnm
549 4089 733 4156 collationis
755 4087 904 4157 uudiant.

489 4194 685 4263 xxxvlr.
710 4193 921 4279 sexagesima
956 4192 1095 4260 subtrito
1129 4190 1172 4257 ud
1207 4211 1387 4276 vesperum.
1434 4186 1583 4273 Respon-

400 4303 531 4383 sonum,
545 4304 718 4369 Forruoeit
732 4304 849 4388 agritio.
881 4301 1056 4368 Lectiones
1072 4298 1189 4368 ἮΙΙω
1203 4319 1243 4364 ex
1259 4296 1360 4364 reteri
1373 4300 1582 4362 testamento.

401 4408 666 4498 Responsorinm
692 4411 731 4477 ln
748 4410 925 4496 principio.
972 4406 1013 4472 In
1037 4407 1135 4472 tertio
1158 4402 1300 4471 homelia
1317 4400 1413 4468 Beati
1429 4398 1584 4484 Gregorii

126 4549 165 4590 <o
186 4530 376 4582 mmm·
401 4517 525 4604 Papae,
544 4518 645 4596 Exiit,
670 4521 731 4603 qui
749 4514 938 4584 sumimur)
968 4511 1143 4579 liatutinis
1167 4505 1585 4594 laudibnsresponsorinrn

236 4605 301 4646 '¹³¹'
402 4623 509 4707 breve,
535 4627 629 4692 Haec
649 4637 700 4692 est
721 4625 800 4703 dies,
826 4645 935 4710 qrrarn.
982 4616 1185 4700 versiculus,
1209 4617 1415 4683 militemus.
