3792 5375
875 482 1121 588 -rci-

405 726 581 803 antequam
606 718 731 803 signum
756 724 860 799 sonet,
876 717 1019 802 quinque
1041 716 1218 783 luminaria
1232 738 1292 802 per
1310 716 1383 783 loca
1398 716 1588 798 constituta,

405 822 555 890 videlieet
578 846 678 889 unum
703 832 781 890 aute
803 822 908 889 altare
931 822 1047 906 utlaius,
1072 822 1159 907 quod
1184 822 1236 890 die
1253 830 1417 908 noctuque
1433 821 1588 906 ardeant3

404 930 542 996 alterum
566 932 599 996 iu
624 930 723 997 choro
747 939 820 1016 post
843 930 997 996 abbatem
1023 936 1100 995 rante
1124 929 1321 1016 analogium,
1351 929 1485 997 tertium
1510 936 1589 997 ante

405 1036 547 1125 altare')
570 1044 665 1103 extra
688 1037 838 1103 chorum:
872 1045 1025 1123 quartum
1050 1037 1084 1102 in
1108 1036 1243 1103 brachio
1266 1039 1370 1123 partis
1394 1035 1590 1123 aquilonarii

404 1144 437 1209 iu
469 1145 645 1210 secrebrrio
675 1151 752 1210 ante
782 1144 888 1210 altare
919 1145 1026 1210 sancti
1056 1142 1238 1227 benedicti3
1268 1144 1416 1230 quintum
1448 1143 1587 1209 australi

404 1259 498 1333 parte
527 1257 622 1316 extra
645 1248 778 1316 chorum
812 1250 844 1316 in
878 1249 1264 1335 int1·oituaecclesiae.²)
1310 1249 1453 1335 Expleta
1476 1250 1588 1336 itaque

301 1376 305 1383 ·
404 1358 532 1423 cantico
555 1356 716 1442 graduum
741 1356 968 1441 adaugeantur
983 1356 1049 1423 duo
1065 1364 1143 1422 ante
1159 1356 1266 1424 altare
1282 1357 1396 1442 majus.
1436 1357 1473 1424 [n
1489 1358 1588 1424 tertio

404 1471 562 1529 nocturno
594 1463 734 1529 diacono
765 1463 933 1548 evaugelio
963 1465 1187 1549 pronuntiato,
1217 1468 1262 1531 E!
1291 1466 1423 1549 reliqua
1446 1462 1588 1543 dicente,

404 1571 514 1635 statim
539 1570 604 1636 duo
629 1571 795 1636 secretarii
819 1570 1061 1655 discooperiant
1079 1571 1236 1655 tabulam,
1260 1571 1456 1658 tertiumque
1471 1590 1588 1637 accen·

404 1675 485 1743 dant
514 1676 763 1760 candelabrum,
799 1684 832 1743 et
866 1676 1055 1762 analogium
1091 1676 1269 1744 deseratur.
1316 1675 1373 1743 Ad
1408 1676 1588 1743 matutinae
1640 1711 1642 1714 ⁴

403 1782 518 1850 laudes
541 1783 630 1850 dicto
657 1788 893 1853 Beni-dicamas
917 1788 1068 1865 lbmn'ao,
1093 1784 1334 1869 extinguantur.
1374 1783 1430 1850 Ad
1454 1783 1588 1850 missam

403 1889 509 1956 tribus
532 1890 597 1958 duo
621 1890 853 1977 adjungantur,
878 1913 964 1977 quae
987 1892 1135 1958 conversi
1158 1890 1320 1972 deterunt,
1345 1898 1379 1958 et
1397 1890 1479 1957 liant
1494 1884 1588 1977 quin'·

404 2018 475 2084 que.
523 1997 579 2064 Ad
618 2020 786 2084 vesperum
822 1999 886 2065 tria
921 1995 989 2064 sint
1020 2007 1097 2064 ante
1132 1996 1247 2067 altare.
1295 1997 1437 2064 Feriatia
1472 1995 1588 2064 diebus

404 2104 552 2171 similiter
575 2105 699 2171 iaciant
721 2128 779 2189 per
797 2104 869 2171 loca
887 2104 1055 2171 destinata
1070 2112 1202 2191 praeter
1216 2105 1284 2188 illa,
1308 2127 1392 2191 quae
1404 2104 1589 2190 jungantur

403 2213 437 2279 iu
460 2213 558 2278 tertio
581 2220 751 2278 nocturno.
798 2211 894 2277 Duae
917 2211 1075 2279 candelae
1099 2212 1165 2279 sint
1187 2209 1214 2303 ][
1238 2232 1375 2279 accense
1398 2220 1476 2279 ante
1498 2212 1587 2297 prin·

404 2318 509 2405 cipale
539 2318 655 2387 altare.
703 2318 843 2404 Expleta
873 2318 1001 2385 cantico
1030 2318 1191 2404 graduum
1213 2319 1404 2402 tertiaeet,
1434 2340 1520 2406 qnae
1542 2316 1589 2385 ibi

404 2447 531 2511 semper
559 2426 622 2492 erit
653 2447 778 2492 arsura.
825 2424 974 2511 Expletis
1002 2425 1130 2493 duabus
1161 2426 1331 2493 nocturnis
1354 2428 1590 2511 extinguantur

403 2531 500 2599 binae
524 2532 660 2599 candele
684 2554 786 2618 usque
809 2531 886 2599 dum
911 2531 1032 2600 dicitur
1053 2533 1164 2620 vigilia
1186 2541 1400 2616 monacnum,
1424 2541 1458 2601 et
1480 2540 1587 2600 matu·

404 2638 506 2706 tinam
519 2660 642 2709 eorum.
673 2638 714 2706 Iu
730 2638 845 2705 laudes
857 2640 976 2706 iterum
988 2638 1220 2721 accendantur,
1237 2640 1430 2729 priusquam
1442 2646 1589 2713 conetur.
1687 2711 1692 2723 ,

403 2746 459 2813 Ad
491 2746 622 2814 missam
653 2753 720 2813 trea
750 2747 817 2813 sint
843 2754 921 2813 ante
945 2746 1068 2829 altare3
1096 2746 1139 2814 ad
1160 2770 1334 2835 ,vesperum
1358 2748 1452 2820 dune.
1499 2748 1588 2816 Nam

404 2855 553 2920 omnibus
587 2852 704 2919 diebus
741 2852 955 2920 sabbatorum
990 2854 1033 2920 ad
1069 2876 1223 2942 vesperas
1257 2876 1385 2941 semper
1419 2855 1486 2922 sint
1518 2862 1588 2924 trea

403 2959 573 3046 lampades
603 2966 681 3026 ante
711 2959 816 3026 altare
845 2983 992 3030 accense.
1040 2961 1198 3029 Similiter
1220 2963 1349 3029 cunctis
1371 2962 1487 3030 diebus
1509 2963 1588 3050 rigi·
1651 3043 1654 3048 ¹

404 3067 521 3134 liarum
551 3075 737 3134 sanctoruni
761 3067 827 3135 sire
850 3075 1038 3135 sanctarum
1062 3068 1181 3154 quibas
1204 3068 1305 3136 XIIti
1342 3069 1499 3136 lectiones
1520 3069 1588 3136 effi·

405 3174 536 3241 ciuntur
556 3175 591 3241 in
613 3175 767 3243 crastino.

717 3391 774 3465 De
802 3392 969 3466 versibus
998 3391 1278 3475 offerendarum

493 3566 612 3637 XXV.
659 3564 885 3635 Officionarius
908 3567 1021 3651 irater,
1045 3588 1121 3634 mox

404 3682 440 3741 ut
456 3673 546 3740 dieta
559 3673 662 3741 inerit
676 3672 855 3756 offerenda,
871 3673 1049 3759 procedere
1065 3683 1143 3742 arne
1157 3672 1312 3743 abbatem
1328 3683 1428 3762 atque
1440 3697 1586 3746 annuere

405 3780 503 3848 debet
518 3780 559 3848 de
575 3803 725 3848 versuum
739 3781 958 3848 inchoatione.
992 3781 1128 3848 Abbute
1144 3783 1321 3868 incipiente
1336 3781 1458 3850 debent
1472 3804 1586 3852 omnen

404 3888 573 3956 inclinare.
619 3887 655 3955 Si
685 3890 755 3973 ipse
784 3909 848 3955 non
872 3888 1027 3974 imponit,
1058 3887 1157 3956 debet
1179 3910 1325 3957 annuere
1347 3888 1434 3973 aliis,
1464 3888 1587 3978 quibua

404 3995 506 4062 visum
529 3995 559 4062 ei
582 3994 691 4075 fuerit,
714 4002 748 4061 et
762 3994 837 4061 ilico
853 4002 890 4062 ut
905 3996 1069 4062 initiatum
1085 3995 1194 4078 habet,
1217 3996 1327 4064 iacere
1341 3997 1587 4065 inclinationem

405 4122 476 4169 cnm
499 4102 693 4186 reverentia,
716 4103 808 4188 pueri
831 4100 907 4169 binc
929 4109 964 4170 et
985 4101 1062 4170 inde
1086 4124 1198 4170 omnes
1220 4102 1387 4174 inclinare.
1422 4102 1459 4171 si
1482 4104 1588 4175 abbae

405 4229 558 4294 praesens
587 4230 654 4276 non
683 4206 791 4291 fuerit,
822 4208 923 4276 iaciat
952 4210 1063 4295 prior3
1092 4217 1126 4277 et
1155 4210 1184 4277 ei
1212 4210 1304 4297 prior
1324 4211 1454 4277 minime
1477 4210 1585 4295 adest,

405 4322 529 4382 annuat
551 4315 686 4398 decano,
710 4314 842 4402 quando
865 4316 934 4401 ipae
957 4316 1110 4402 deluerit,
1133 4317 1282 4403 imponat
1303 4318 1476 4402 armarina,
1499 4320 1586 4388 etei

404 4422 645 4507 praenominati
668 4423 777 4489 cuncti
799 4421 937 4490 deerunt
960 4422 1141 4510 adimpleat
1161 4424 1242 4509 ipse.
1290 4421 1373 4492 Cum
1393 4424 1464 4511 jana
1481 4446 1586 4513 prope

493 4600 517 4756 ξ
534 4600 656 4747 ἓιυὲἰς
675 4599 701 4656 ia
714 4599 775 4670 lpaa
786 4599 874 4656 albae
883 4600 938 4672 legi
951 4607 1057 4672 potest:
1070 4608 1182 4658 canetae
1193 4602 1299 4668 (somn
1308 4601 1395 4659 ernelr
1403 4602 1448 4659 rel
1460 4601 1586 4672 manae).
