3792 5375
896 483 1146 544 -176-

424 676 589 766 Qualiter
626 677 945 752 commendatitiae
972 677 1116 752 litterae
1145 671 1291 787 dandae
1321 672 1394 747 sint
1421 672 1620 757 monacbis.

513 832 631 926 XLII.
656 835 728 919 Ego
745 833 800 900 ille
812 833 945 901 humilis
957 833 1061 900 abbas
1074 829 1227 897 salutem.
1251 827 1392 896 Noverit
1403 829 1536 898 dilectio
1548 838 1618 913 tua,

423 940 501 1023 quia
524 941 685 1024 suggessit
706 941 769 1006 ista
786 940 890 1007 frater
906 948 1036 1021 (ttamen
1048 941 1170 1019 illias),
1195 935 1302 1019 nobis,
1326 944 1364 1002 ut
1386 936 1434 1003 illi
1450 936 1619 1005 licentiam

422 1045 577 1113 daremus
599 1045 766 1112 uobiscum
790 1046 973 1114 habitandi.
1013 1047 1085 1114 Nos
1102 1050 1225 1126 autem,
1249 1043 1329 1128 quia
1352 1050 1386 1110 ta
1409 1044 1619 1128 cognorimus

422 1153 607 1238 regularem
630 1152 778 1219 ordinem
802 1162 925 1233 tenere,
951 1151 1161 1239 praebuimus
1184 1150 1428 1216 consensumei
1452 1149 1619 1218 uobiscum

421 1257 604 1326 habitandi.
651 1260 750 1326 Nunc
780 1269 890 1326 autom
923 1260 1016 1327 illum
1046 1256 1107 1325 tibi
1136 1255 1349 1337 commendo,
1379 1264 1419 1324 ut
1448 1256 1538 1323 illum
1569 1259 1619 1324 ita

291 1380 294 1389 ·
421 1372 545 1432 tractes
569 1367 666 1432 sicuti
690 1388 768 1452 ego,
797 1376 831 1433 et
854 1389 914 1452 pro
939 1367 995 1434 illo
1019 1365 1182 1433 rationem
1205 1362 1269 1431 deo
1292 1364 1379 1430 sicut
1401 1385 1463 1449 ego
1486 1363 1618 1432 reddas.

754 1566 812 1641 De
835 1568 1041 1666 portarario
1066 1561 1287 1644 monasterii.

510 1722 649 1791 XLIII.
687 1725 896 1792 Portararius
920 1725 1026 1792 frater
1048 1743 1213 1808 nusquam
1237 1721 1337 1788 debet
1363 1722 1524 1808 equitare,
1555 1722 1618 1789 nisi

420 1828 504 1895 forte
529 1833 777 1916 supervenerint
799 1832 987 1917 praedones
1015 1828 1106 1899 infra
1129 1829 1287 1895 terminos
1311 1829 1526 1909 Monasterii‚
1556 1851 1618 1916 pro
1688 1834 1695 1844 “

418 1934 481 2001 boc
504 1939 627 2022 poterit
656 1959 803 2024 pergere.
851 1939 1022 2025 Equorum
1050 1957 1129 2003 vero
1159 1956 1354 2003 ascensores
1384 1937 1418 2003 in
1450 1958 1510 2003 sua
1533 1935 1618 2004 calls

419 2042 632 2110 advenientes
655 2044 697 2111 ab
721 2046 793 2130 ipso
816 2044 997 2113 honorifice
1021 2043 1230 2129 excipiantur
1251 2050 1286 2108 et
1309 2064 1331 2108 a
1354 2042 1486 2110 famulis
1509 2045 1617 2111 suisve

264 2194 271 2207 .
315 2176 325 2200 r
418 2156 450 2215 et
475 2149 615 2235 jubente
645 2153 755 2238 priore
785 2151 965 2219 secundum
996 2152 1127 2218 illorum
1150 2149 1175 2236 ][
1198 2170 1375 2235 personum
1409 2149 1617 2237 qualitatem.

416 2255 493 2342 Ipse
517 2258 689 2342 praefatus
712 2257 816 2325 frater
838 2261 906 2326 suis
929 2256 1153 2346 subjectaneis
1176 2276 1296 2341 panem
1313 2264 1349 2324 et
1363 2257 1474 2323 vinum
1494 2256 1616 2326 cotidie

417 2361 546 2429 deferat
568 2363 624 2432 ibi.
670 2365 760 2432 Dum
784 2388 860 2433 sero
884 2368 991 2433 minus
1014 2362 1181 2431 defuerint
1203 2363 1363 2450 hospites,
1386 2364 1421 2430 in
1436 2365 1612 2449 coquinam

415 2477 494 2536 eant
523 2470 568 2536 ad
597 2471 779 2557 edendum3
808 2475 888 2559 quia
916 2475 979 2560 ipsi
1011 2469 1135 2539 dobant
1157 2470 1284 2555 facere,
1316 2472 1450 2556 quaudo
1480 2478 1611 2554 amant,

415 2598 540 2664 cappas
564 2577 713 2649 fratrum.
761 2578 919 2647 Calcares
943 2599 1113 2666 equorum,
1136 2577 1189 2645 sel
1211 2576 1335 2646 fascias
1358 2579 1430 2666 ipse
1445 2587 1611 2668 procuret.

414 2683 545 2751 Famrrli
570 2684 724 2774 discipuli
746 2689 923 2773 pontenarii
940 2689 988 2756 eis
1004 2685 1161 2767 serviant,
1184 2693 1303 2772 postea
1326 2687 1390 2774 ipsi
1405 2709 1479 2755 cum
1495 2690 1611 2775 coquis

413 2791 524 2861 edant.
572 2792 651 2879 Ipse
674 2793 780 2860 frater
807 2816 882 2861 oum
910 2797 979 2863 suis
997 2791 1158 2862 xoumibus
1185 2794 1494 2879 supervenientibus
1521 2793 1612 2863 lecta

414 2901 586 2982 sterniant,
610 2901 674 2988 ipsi
697 2900 742 2967 ibi
765 2922 831 2967 uon
849 2901 974 2987 jaceat
1020 2900 1062 2968 In
1087 2899 1234 2966 crastino
1256 2901 1435 2985 maturius,
1460 2902 1517 2987 qui
1539 2902 1611 2970 vult

414 3007 447 3072 in
471 3007 645 3075 ecclesiam
669 3009 790 3090 uenire,
814 3030 887 3074 curn
913 3030 974 3074 sua
996 3007 1152 3074 lauterna
1174 3005 1338 3073 illuminet
1360 3016 1395 3075 et
1410 3008 1608 3091 introducat,

414 3113 441 3180 si
465 3113 543 3180 talis
566 3114 665 3181 fuerit
688 3136 846 3200 persona;
870 3116 921 3181 sin
945 3136 1023 3183 saro
1039 3114 1111 3199 ipse
1126 3133 1194 3179 nou
1210 3112 1278 3179 vult
1294 3115 1460 3201 occupari,
1483 3114 1611 3185 familis

414 3228 621 3303 moneantur,
645 3230 682 3288 ut
705 3221 816 3289 faciat.
863 3221 1021 3289 Hostium
1045 3240 1123 3287 sero
1146 3218 1235 3305 quod
1265 3228 1317 3287 est
1347 3220 1434 3289 inter
1456 3221 1610 3309 galileam

412 3334 446 3393 et
468 3328 619 3395 claustra
642 3349 663 3394 a
685 3328 836 3415 praefato
867 3328 972 3397 fratre
1006 3324 1128 3396 cotidie
1151 3347 1248 3393 mane
1271 3329 1455 3414 aperiatur,
1477 3335 1513 3398 et
1535 3352 1611 3399 seru

411 3441 490 3501 ante
513 3434 721 3502 collationem
746 3433 928 3506 claudatur.

662 3617 827 3708 Qualiter
856 3629 944 3717 agat
971 3615 1210 3694 constabulus
1239 3614 1364 3701 frater.

502 3772 635 3843 XLIV.
669 3772 812 3843 Consta·

411 3877 509 3946 bulus
533 3882 655 3969 quippe
676 3881 782 3949 frater
804 3882 929 3951 babeat
951 3882 1014 3950 sub
1037 3901 1100 3948 sua
1122 3880 1275 3948 custodia
1296 3902 1410 3969 equos,
1434 3885 1608 3974 omniaque

411 3988 618 4072 equitatuum
642 3996 825 4056 stramenta
847 3997 882 4056 et
903 3988 998 4057 frena
1021 3989 1178 4075 ipsorum,
1201 4010 1385 4071 annonam,
1416 3991 1467 4058 vel
1494 3992 1609 4079 palan

411 4094 444 4159 in
468 4092 550 4161 locis
573 4095 773 4162 constitutis.
807 4096 998 4164 Eutraneos
1019 4097 1189 4162 venientes
1212 4099 1315 4180 atque
1337 4105 1514 4184 pergentes
1536 4099 1609 4187 ipse

411 4208 566 4285 procuret
581 4223 655 4267 cum
671 4201 739 4268 suis
757 4202 974 4270 familiaribus
997 4200 1141 4269 fanmlis.
1176 4199 1248 4288 Ipsi
1271 4224 1350 4289 ergo
1373 4206 1608 4294 nequicquam

412 4306 547 4388 faciant,
563 4308 626 4373 uisi
642 4307 731 4394 quod
747 4309 794 4375 eis
808 4309 944 4395 jusserit
958 4307 1132 4398 praefatus
1147 4306 1270 4395 frater3
1293 4316 1329 4378 et
1343 4311 1415 4379 sina
1429 4314 1607 4399 raptaban-

411 4413 504 4481 sione
526 4416 651 4500 poterit
673 4413 716 4481 ad
739 4436 796 4483 eos
818 4416 943 4503 aliquid
967 4416 1010 4484 ad
1035 4413 1201 4485 edendum
1220 4415 1321 4503 (lorea
1342 4425 1454 4486 tamen
1471 4419 1606 4489 acella-

410 4520 500 4586 rario
516 4521 706 4606 quaeritari.
739 4521 793 4589 De
808 4522 985 4591 refectorio
1001 4543 1078 4591 vero
1092 4543 1302 4611 nequaquam
1319 4522 1419 4592 <lebet
1434 4532 1606 4614 asportare

411 4646 472 4691 nec
493 4626 566 4713 ipsa
588 4648 650 4695 uec
672 4627 715 4696 de
738 4628 812 4696 aliis
835 4627 1005 4712 fratribus,
1028 4628 1092 4696 uisi
1115 4630 1169 4698 eui
1186 4629 1316 4715 jussum
1338 4629 1448 4705 fucrit.
