3792 5375
893 559 1093 621 ..4-

509 747 583 814 Hos
605 756 738 834 praeter
761 748 877 815 missos
900 748 1028 835 pridem
1051 772 1139 817 nunc
1162 747 1333 816 scribimus
1357 770 1445 818 usus.

509 855 666 921 Primitus
689 855 865 921 adrentum
889 855 1024 922 Domini
1046 856 1224 924 recolendo
1246 856 1381 923 beatum

507 959 631 1028 Omnes
654 962 718 1028 huc
742 962 822 1028 socii
846 970 955 1028 mente
979 964 1141 1030 occurrite
1164 963 1271 1030 sancti
1282 962 1309 1052 ][

508 1068 663 1134 Praemia
686 1089 762 1134 nam
787 1069 875 1135 ritae
898 1069 1021 1136 ‹lantur
1045 1069 1310 1136 caelebrantibus
1332 1070 1399 1137 ists

506 1174 603 1242 Talia
625 1197 702 1241 nam
725 1174 876 1261 patribus
899 1178 1062 1243 concessit
1084 1176 1219 1262 spiritus
1243 1176 1349 1243 almus

507 1281 618 1368 Ipsius
642 1289 675 1349 et
699 1281 792 1349 nobis
815 1282 994 1367 rogitemus
1018 1304 1153 1350 munere
1177 1281 1250 1349 dari

506 1389 582 1475 Quo
605 1412 664 1474 per
686 1388 888 1456 credentium
911 1397 1083 1456 teneamus
1106 1389 1196 1457 tacta
1219 1397 1394 1477 parentum

506 1496 553 1563 t't
576 1496 671 1562 simul
695 1496 738 1563 nd
761 1496 917 1582 requiem,
942 1519 1007 1581 quo
1025 1497 1095 1582 jam
1120 1518 1238 1563 venero
1261 1495 1461 1582 perhennem

506 1603 551 1669 Et
575 1625 636 1671 nos
657 1605 820 1689 possimus
844 1602 976 1671 domino
1000 1602 1146 1672 donante
1170 1602 1279 1670 venire

505 1711 558 1776 Ac
582 1709 677 1776 simul
701 1709 879 1776 adrentum
902 1709 1028 1778 Christi
1052 1717 1203 1797 spectare
1227 1711 1407 1778 secundum

505 1816 697 1902 Expliciunt
720 1817 805 1883 rorsi
828 1818 861 1883 in
884 1816 984 1885 laude
1008 1816 1133 1884 ordinis
1156 1817 1280 1903 compti

504 1923 674 2010 Incipiunt
696 1923 828 2009 pulcrae
852 1946 931 1990 usus
954 1924 1157 1991 monasticae
1180 1944 1325 1992 normae.
1336 1923 1364 2011 ¹)

191 2082 239 2123 τοι
253 2083 296 2121 ¹¹¹
485 2066 554 2135 111.
602 2067 634 2135 V
635 2067 759 2152 esperis
789 2065 929 2134 Sabbati
959 2073 1037 2133 ante
1062 2066 1259 2133 dominicam
1288 2065 1428 2153 primam
1459 2066 1501 2135 de
1523 2066 1581 2134 ad·

397 2181 527 2240 rentum
556 2173 678 2241 domini
709 2173 841 2265 dicatur
863 2174 972 2257 lectio,
996 2177 1083 2242 Ecce
1105 2175 1176 2240 dies
1205 2177 1349 2242 veniunt.
1395 2172 1581 2259 Responsu-

395 2280 489 2359 rium,
513 2283 640 2348 ,llissns
663 2287 724 2351 est.
760 2279 901 2360 Ymnus,
927 2282 1084 2348 Conditor
1106 2282 1226 2350 olrreoe.
1274 2278 1480 2365 Antiphone,
1495 2284 1583 2350 Ecce

394 2410 508 2454 nomon
537 2387 720 2472 Donrini.¹)
765 2388 819 2453 Ex
850 2386 927 2453 huic
958 2386 1169 2453 dimittantur
1201 2385 1382 2472 antiphona
1411 2393 1445 2453 et
1474 2388 1580 2456 oratio

394 2502 527 2562 sanctae
550 2495 657 2561 crucis
678 2495 713 2561 in
738 2495 902 2580 suffragiis
925 2501 1115 2562 sanctorum
1139 2502 1174 2561 et
1189 2494 1385 2561 stationibus
1407 2515 1512 2581 nsque
1527 2517 1579 2562 us·

394 2623 455 2687 que
477 2601 616 2669 octabas
639 2601 854 2689 epyphaniae.
886 2600 954 2670 Sed
979 2601 1120 2687 expletis
1136 2601 1374 2690 supplementis
1390 2607 1579 2669 sanctorum

392 2708 627 2776 adoratorium
644 2709 904 2777 beataemariae
927 2709 1085 2778 festinent
1107 2708 1317 2777 decantando
1333 2709 1420 2776 bunc
1442 2731 1577 2795 respon·

392 2816 521 2899 soriam,
545 2821 622 2884 Arre
644 2820 767 2886 orsorio.
805 2815 971 2885 Sacerdos
997 2817 1098 2901 dicat,
1125 2816 1332 2899 versiculum,
1357 2820 1577 2886 Anemurio.

392 2921 520 3004 Oratio,
544 2927 648 3006 Dens,
674 2926 734 3009 qni
747 2927 787 2991 de
802 2926 926 2992 bootae.
960 2924 1196 2991 Inritatorium
1212 2923 1279 2991 duo
1295 2922 1415 2990 iratres
1437 2925 1473 2991 in
1496 2923 1580 2993 albis

392 3029 579 3097 decantent.
614 3029 746 3098 Ymnus
768 3031 813 3098 ad
836 3037 1031 3111 nocturnos,
1064 3033 1205 3099 Verbum
1227 3045 1417 3118 supernam.
1463 3030 1579 3099 Lectio

392 3136 433 3203 de
463 3137 566 3207 esais.
613 3138 889 3223 Responsorium,
921 3140 1098 3224 Aspiciens
1120 3163 1142 3205 a
1167 3140 1274 3224 longo.
1320 3135 1471 3219 Cantica,
1494 3140 1580 3207 Ecce

96 3251 100 3254 “
170 3237 340 3348 mm
391 3249 551 3312 ‹ionrinnn
583 3243 839 3311 blatutinalibus
859 3243 1013 3311 laudibus
1029 3243 1255 3330 Antiphonae,
1278 3243 1470 3331 capitulum,
1494 3244 1577 3315 Ver·

139 3377 184 3420 aa
217 3379 284 3419 rn-
316 3379 363 3421 na
391 3352 494 3434 siculi,
525 3352 707 3418 orationem
730 3358 765 3418 et
787 3351 898 3418 omnia
921 3350 1006 3418 sicut
1028 3351 1063 3417 in
1086 3351 1263 3418 autenticis
1286 3401 1294 3416 .
1320 3403 1328 3419 .
1354 3399 1363 3417 .
1386 3373 1467 3437 gens
1491 3351 1577 3419 ordi·

140 3451 309 3561 ''⁶¹⁰3'‘
323 3450 363 3491 Μ
390 3467 471 3526 urata
494 3466 571 3526 sunt
592 3458 698 3530 libris.
743 3457 885 3541 Ymuus,
917 3461 988 3526 Vox
1010 3461 1118 3528 clara.
1165 3456 1329 3526 Sacerdos
1352 3458 1520 3526 irroensum
1543 3460 1577 3527 in

139 3592 182 3633 aa
216 3585 285 3632 run
316 3593 362 3634 ns
390 3565 468 3632 alba
497 3574 608 3652 portet
635 3587 697 3652 per
723 3565 854 3633 altaria
901 3565 959 3632 Ad
991 3564 1235 3650 processionem
1265 3572 1342 3651 post
1370 3563 1576 3633 benedictam

138 3734 181 3776 M
198 3662 317 3783 5⁸dess
331 3724 362 3780 Β.
389 3694 509 3759 aquam
543 3673 578 3739 in
614 3673 721 3740 eundo
751 3673 785 3740 in
818 3671 936 3739 beatae
967 3672 1100 3757 virginis
1135 3671 1291 3757 templum
1326 3672 1578 3760 responsorium,

139 3804 204 3846 vnn
220 3804 251 3843 ..r
263 3804 362 3846 nann-
388 3786 465 3848 :loe
480 3785 605 3849 sarorio.
635 3779 870 3846 blatutinslem
888 3780 1021 3846 missam
1040 3779 1233 3865 priusquam
1248 3800 1369 3864 aquam
1392 3778 1576 3848 sanctificet

136 3877 206 3916 disis.
237 3863 267 3911 Ῐ,
282 3874 301 3916 Ε

215 3945 296 3986 rende.

302 3876 362 3916 ¹⁰*
389 3886 479 3953 dicat
505 3894 540 3953 et
559 3887 601 3954 he
623 3886 781 3954 collectae
797 3887 987 3966 recitentur,
1011 3890 1135 3954 Excito
1158 3890 1287 3954 dominc
1310 3893 1344 3954 et
1368 3885 1575 3974 Omnipotens

389 3999 586 4079 sorrrpitcrne
607 3998 697 4076 deris,
722 3998 782 4083 qni
795 3997 918 4061 dedisti
938 4001 972 4058 ct
996 3992 1315 4061 consuetudinarias.
1361 3991 1419 4060 Ad
1442 3993 1575 4062 missam

388 4100 544 4186 majorem
568 4099 668 4168 debet
682 4122 754 4168 esse
769 4122 854 4167 unus
870 4100 914 4166 ad
930 4099 1075 4166 osticium
1097 4100 1132 4166 in
1149 4121 1267 4187 cappa,
1291 4099 1451 4167 diaconm
1473 4101 1575 4187 atque

479 4278 501 4347 ¹)
519 4280 552 4335 ln
571 4279 709 4349 margine:
727 4278 771 4335 Ad
789 4295 931 4350 vesperum
951 4278 1068 4348 primum
1086 4277 1260 4349 uersiculum,
1289 4282 1386 4332 Roran
1421 4276 1463 4334 Ad
1482 4281 1574 4334 nocta

388 4373 432 4432 1ss
450 4384 484 4424 ex
497 4368 558 4425 sion
577 4370 690 4439 species.
726 4369 759 4425 ln
776 4370 814 4425 II.
852 4370 1013 4446 Egren'iotur
1030 4370 1119 4437 tinga.
1148 4367 1182 4424 In
1194 4367 1247 4424 III.
1278 4370 1440 4436 Egreditur
1456 4368 1575 4421 donnus

387 4463 418 4512 de
442 4462 493 4513 Ioco
510 4479 552 4512 sco
569 4478 624 4514 sno.
660 4458 693 4514 In
718 4458 791 4514 laud.
816 4465 855 4525 R,
872 4462 960 4525 Super
977 4459 1181 4513 cetininam«.
1217 4461 1289 4513 not
1306 4455 1401 4513 Glorlt
1435 4457 1575 4514 'Enim

387 4567 491 4617 aquom·

475 4637 499 4707 ¹)
524 4636 618 4695 Etiam
652 4636 755 4693 nostris
784 4634 951 4706 temporibus
982 4634 1106 4691 monachi
1140 4633 1256 4695 eandem
1282 4633 1423 4706 liturgiam
1453 4631 1574 4690 iniant

388 4725 521 4794 (Bi-erist.
540 4728 660 4785 >lonast
680 4727 749 4782 Pars
767 4724 876 4781 Memsl.
894 4722 1013 4780 Sabbata
1031 4730 1097 4781 ante
1115 4723 1194 4781 Dour.
1214 4725 1239 4780 1.
1256 4723 1389 4794 advent.)
