3792 5375
955 486 1004 530 -‚
1046 454 1111 516 178
1158 486 1201 499 -

487 654 586 732 atque
609 646 809 713 infinuormn
833 645 928 713 domo
952 645 1021 729 ipse
1043 650 1198 730 procuret
1220 642 1334 709 ordine
1357 664 1432 709 eum
1455 642 1531 710 suis.
1579 639 1666 709 Vas·
1747 653 1752 663 '

487 754 561 819 cula
590 753 634 819 ud
663 752 872 819 rninueudum
901 771 1017 818 cruore
1046 751 1117 835 ipse
1148 748 1208 815 sibi
1243 748 1418 834 adsignata
1449 747 1588 829 habeat,
1623 768 1665 814 ue

487 859 596 945 aliqua
611 860 808 942 negligentia
823 860 1000 944 patiantur.
1033 855 1280 923 Aeeelesiarum
1296 856 1452 938 oratoria,
1476 855 1665 936 claustrum,

486 966 600 1034 donrrrs
623 965 840 1048 intirmorum,
871 963 1078 1031 refectorium
1109 970 1208 1047 atque
1237 961 1415 1047 capitulum
1440 962 1510 1047 ipss
1534 960 1666 1028 studeat

486 1072 680 1151 emundare,
717 1079 750 1138 et
783 1094 842 1156 per
876 1071 985 1137 omnia
1014 1069 1152 1154 juncum
1185 1070 1362 1155 imponere.
1421 1068 1574 1149 Catinos,
1610 1068 1666 1153 qui

486 1179 643 1245 fratribus
664 1176 818 1245 radendis
849 1176 998 1263 deputati
1022 1184 1111 1259 sunt,
1135 1178 1205 1261 ipse
1228 1176 1289 1242 sub
1312 1197 1372 1242 sua
1394 1196 1474 1241 eura
1497 1174 1631 1257 habeat,
1640 1174 1666 1258 ¹)

486 1294 519 1353 et
541 1285 741 1371 temporibus
764 1285 956 1370 opportunis
979 1282 1112 1363 tribuat,
1137 1291 1236 1367 atque
1260 1281 1465 1369 postmodum
1487 1280 1610 1348 nitidos
1632 1288 1666 1348 et

486 1393 623 1459 mundos
646 1399 794 1477 reponat.
824 1391 866 1457 Iu
882 1392 954 1476 ipsa
970 1389 1064 1469 eolla,
1089 1391 1140 1455 eui
1164 1411 1229 1456 nou
1245 1389 1455 1475 permittitur,
1478 1409 1539 1455 nee
1562 1388 1666 1472 ingre·

485 1498 606 1583 diutur,
630 1497 821 1564 urandatum
843 1518 1021 1583 pauperum
1046 1495 1091 1561 ibi
1115 1501 1257 1580 geratur.
1304 1494 1491 1562 Pomeriuru
1522 1493 1582 1561 sub
1605 1515 1667 1561 sua

484 1604 635 1672 custodia
645 1605 767 1671 babeat
779 1626 851 1670 cum
862 1603 1033 1671 cellarario
1044 1600 1139 1668 simul
1152 1601 1323 1688 plantandi
1336 1610 1435 1687 atque
1448 1600 1665 1670 custodiendi.

512 1803 674 1893 Qualiter
702 1814 757 1878 est
787 1802 969 1900 agendum
997 1800 1212 1875 inundatum
1241 1801 1289 1876 ad
1316 1824 1510 1900 pauperes,
1539 1799 1637 1899 quod

911 1925 1044 2001 cotidie
1072 1924 1236 2007 efficitur.

572 2085 703 2155 XLVI.
726 2082 752 2174 ][
774 2085 860 2152 Nam
884 2084 988 2151 irater
1010 2082 1076 2165 ille,
1100 2083 1156 2169 qui
1179 2081 1242 2149 boe
1264 2081 1407 2149 osticium
1428 2104 1529 2169 supra
1544 2103 1579 2149 se
1595 2105 1665 2151 sus·

484 2202 614 2281 ceptum
629 2192 741 2276 habet,
759 2213 832 2257 cum
848 2213 906 2258 sno
922 2191 1072 2257 ministro
1088 2188 1211 2255 babeat
1225 2188 1270 2255 ibi
1286 2190 1406 2270 umida,
1423 2211 1488 2274 que
1502 2189 1569 2256 illic
1586 2197 1665 2257 sunt

483 2301 668 2368 necessaria
688 2307 895 2386 praeparata,
918 2296 1071 2364 videlieet
1087 2295 1247 2363 laebetem
1269 2296 1325 2363 ubi
1348 2317 1468 2382 aquam
1492 2296 1665 2365 calefaciat

482 2416 517 2475 et
549 2429 682 2475 concam
718 2405 761 2472 ad
794 2405 969 2472 lavandum
999 2403 1102 2490 pedes
1134 2401 1264 2471 illorum
1296 2410 1331 2470 et
1363 2405 1427 2469 tris
1460 2403 1663 2486 linteamina,

482 2537 620 2600 quormn
643 2536 742 2581 uuum
766 2514 807 2579 sit
831 2512 1023 2599 deputatum
1053 2517 1190 2597 propter
1220 2511 1383 2595 seniores,
1406 2510 1461 2598 qui
1483 2511 1562 2578 ituri
1585 2519 1663 2578 suut

481 2623 524 2689 ad
539 2624 645 2709 ipsum
660 2620 802 2687 osticium
818 2618 1028 2706 implendum.
1060 2617 1143 2684 Ilieo
1158 2625 1196 2683 ut
1210 2617 1311 2704 pedes
1326 2616 1458 2683 ablutos
1476 2615 1662 2701 habuerint,

482 2752 596 2796 rnauus
619 2751 696 2796 suas
719 2727 762 2794 ad
786 2729 889 2814 ipsum
913 2733 1056 2812 tergant.
1104 2723 1290 2792 Secundum
1322 2726 1365 2791 sit
1392 2746 1455 2811 pro
1482 2746 1664 2811 pauperum

480 2836 628 2922 pedibus,
651 2836 784 2902 tertium
808 2833 996 2901 eorumdem
1018 2832 1192 2899 abluendis
1207 2831 1367 2899 manibus.
1403 2832 1540 2899 Baeeilli
1556 2832 1664 2922 adque

481 2943 630 3030 squillam
653 2943 699 3010 ibi
722 2942 906 3009 habeantur
937 2963 999 3028 pro
1030 2939 1145 3006 eadem
1175 2961 1276 3007 eausa
1299 2937 1510 3024 adinplenda.
1558 2938 1664 3026 Igitur

481 3059 655 3136 antequam
689 3057 825 3134 surgant
858 3048 1004 3115 seniores
1034 3068 1075 3113 ex
1105 3045 1259 3132 prandio,
1294 3045 1426 3132 quaudo
1461 3045 1556 3112 sirnul
1587 3055 1665 3114 suut

480 3158 674 3241 comessuri,
703 3157 754 3222 rel
777 3154 908 3241 quando
931 3161 1026 3221 sexta
1049 3175 1109 3220 ora
1132 3160 1167 3220 et
1188 3175 1262 3219 sero
1286 3153 1435 3219 cenaturi
1459 3161 1552 3234 sunt,
1584 3161 1662 3222 tuuc

480 3264 602 3331 habent
632 3263 773 3330 famulus
802 3263 912 3328 omnia
942 3268 1161 3347 praeparata,
1197 3280 1282 3345 quae
1311 3258 1357 3325 ibi
1389 3261 1602 3342 conveniunt,
1626 3269 1665 3329 ut

480 3371 604 3456 absque
633 3392 726 3437 mora
752 3371 979 3437 convenientes
1008 3366 1129 3433 iratres
1159 3369 1257 3432 trium
1287 3387 1467 3453 pauperum
1497 3365 1664 3453 obsequiis

480 3477 643 3563 insudent,
666 3476 878 3544 lavandorum
909 3475 1034 3542 scilieet
1064 3473 1196 3560 pedum.
1243 3473 1308 3540 Die
1338 3471 1499 3540 dominico
1523 3472 1663 3544 domnus

481 3584 585 3651 abbas
600 3607 672 3650 eum
690 3582 816 3650 duobus
831 3582 1011 3649 insentibus
1028 3590 1060 3648 et
1078 3603 1189 3647 eorum
1200 3581 1223 3665 ¹)
1245 3580 1403 3665 magistro
1419 3587 1474 3646 eat
1490 3579 1534 3646 nd
1549 3602 1663 3650 eorum

480 3693 679 3758 custodiam:
704 3690 730 3756 si
747 3689 848 3756 abbas
863 3712 927 3757 non
946 3688 1054 3768 suerit,
1071 3689 1161 3774 prior
1176 3676 1279 3754 saciat
1294 3688 1328 3753 in
1344 3687 1413 3772 ejus
1428 3688 1507 3755 rice.
1531 3687 1663 3758 Deinde

480 3798 535 3864 alii
550 3799 676 3883 sieuti²l
692 3798 840 3863 annotati
856 3803 933 3863 sunt
946 3796 1033 3862 inira
1050 3795 1147 3862 serias
1162 3795 1196 3861 in
1212 3795 1320 3864 breve.
1359 3793 1508 3862 Sabbata
1531 3803 1661 3865 tuntum

480 3907 627 3991 magistri
642 3927 714 3970 curn
731 3904 911 3970 infantibus
934 3902 1069 3971 saciant.
1115 3901 1203 3968 Nam
1227 3902 1381 3968 continuo
1404 3907 1441 3968 ut
1461 3905 1663 3973 surrexerint

480 4033 501 4077 a
516 4034 596 4079 cena
612 4019 711 4097 atque
726 4012 759 4076 in
775 4011 913 4077 eeclesia
928 4010 1035 4077 oratio
1052 4015 1278 4076 consummata
1293 4008 1402 4090 suerit,
1425 4015 1504 4075 tune
1519 4009 1661 4081 farrrulus

480 4126 557 4185 ante
580 4119 666 4187 sores
681 4117 859 4184 aecclesiae
872 4116 1020 4183 tabulam
1033 4116 1151 4202 pulset,
1171 4124 1206 4183 et
1223 4115 1270 4182 illi
1291 4124 1370 4199 tres,
1393 4116 1449 4199 qui
1472 4115 1549 4182 ituri
1573 4125 1661 4204 suut,

480 4234 608 4310 exeant,
631 4234 665 4293 et
688 4225 810 4311 primos
830 4224 962 4290 illorum
982 4223 1017 4288 in
1042 4222 1148 4289 medio
1171 4222 1292 4305 veniat,
1316 4230 1349 4289 et
1372 4222 1418 4287 illi
1441 4220 1506 4288 duo
1529 4221 1605 4290 binc
1628 4234 1662 4293 et

479 4332 553 4400 inde
585 4340 663 4398 eant
696 4330 923 4416 incipientibus
946 4328 1119 4417 psalmum,
1155 4332 1319 4397 Miserere
1341 4333 1407 4396 ruri
1428 4330 1530 4396 Deus.
1576 4330 1661 4399 Cum

480 4448 556 4506 aute
578 4441 668 4525 ipsos
692 4438 827 4519 luerint,
857 4446 946 4504 stent
975 4459 1035 4522 per
1057 4436 1214 4520 ordinem,
1238 4434 1512 4522 quemadmodum
1534 4438 1661 4524 priores

480 4567 533 4575 ...-
549 4568 599 4575 --u
616 4566 694 4576 ...ιι

570 4617 592 4685 Ι)
609 4616 725 4673 Ram
885 4614 908 4686 ⁸)
927 4615 961 4671 ln
978 4620 1075 4671 testu:
1095 4614 1225 4685 ,sseutt“.
