3792 5375
931 587 1182 650 -186-

467 781 676 861 Benedictus,
689 781 853 847 alatrinum
865 780 906 847 de
918 779 1075 846 trinitate.
1100 774 1280 845 Girbertus
1292 775 1463 842 historiam
1471 773 1651 859 anglorum.

467 888 523 955 Fr.
547 887 738 955 Bernardus
761 888 912 956 orosium.
947 885 1004 955 Fr.
1023 883 1215 963 Unrbertns,
1239 882 1431 967 augustiuus
1455 880 1653 948 decivitate

467 996 529 1063 dei.
568 995 625 1061 Fr.
649 993 825 1076 Martinus,
848 994 1033 1078 Aynronem
1057 1013 1158 1076 super
1182 990 1338 1075 epistulas
1361 987 1459 1074 pauli.
1499 986 1556 1057 Fr.
1580 984 1653 1054 Ste-

467 1101 612 1186 plranus,
642 1102 802 1167 aimonem
835 1123 932 1185 supra
956 1098 1193 1185 apocalypsim.
1238 1095 1295 1163 Fr.
1320 1095 1501 1182 Arpertus,
1532 1092 1653 1160 bedam

467 1231 565 1294 snper
588 1207 765 1294 parabolas
789 1207 976 1273 salomonis.
1012 1204 1069 1275 Fr.
1086 1203 1248 1272 Otmarus
1264 1201 1441 1270 eoncordia
1455 1200 1654 1288 regularum.

584 1432 639 1507 De
668 1432 818 1507 infirmis
848 1432 1021 1506 fratribus
1050 1425 1210 1530 qualiter
1238 1429 1285 1504 ab
1314 1428 1403 1527 ipsis
1431 1426 1540 1502 vela

782 1556 1070 1632 ministrantibus
1100 1555 1155 1630 eis
1184 1563 1349 1653 agantur.

559 1740 637 1810 LII.
665 1740 792 1807 infirmi
809 1740 938 1824 iratres,
962 1748 998 1806 ut
1013 1741 1103 1806 missi
1128 1738 1250 1807 luerint
1272 1738 1305 1804 in
1332 1736 1428 1803 domo
1451 1734 1654 1802 infirmorum

468 1870 527 1932 pro
551 1869 611 1913 sua
634 1847 832 1933 egritudine,
856 1846 899 1913 ad
922 1846 1118 1914 nocturnale
1142 1844 1344 1931 obsequium,
1368 1865 1443 1910 nrox
1467 1850 1503 1908 ut
1525 1842 1653 1927 signum

468 1955 663 2036 insonuerit,
697 1962 833 2040 surgant
862 1962 896 2020 et
924 1954 988 2039 ipsi
1023 1954 1222 2039 veniantque
1251 1951 1285 2018 in
1308 1951 1487 2041 oratorium
1517 1954 1654 2016 sanotae

469 2063 580 2144 marie,
611 2061 735 2128 saciant
757 2061 948 2143 orationem,
978 2070 1077 2147 prout
1100 2059 1252 2126 dontinus
1275 2058 1390 2125 melius
1413 2056 1552 2140 dederit,
1574 2056 1654 2123 resi·

469 2167 621 2235 dentibus
643 2168 773 2235 demum
796 2167 829 2234 in
852 2166 924 2235 loco
948 2189 1018 2251 sno,
1042 2166 1188 2253 dumque
1210 2166 1327 2232 itanum
1350 2163 1502 2252 pulsatur
1515 2164 1653 2250 signum,

468 2275 616 2341 muniant
640 2296 676 2341 se
698 2273 791 2359 signo
814 2283 946 2340 sanotae
962 2275 1079 2357 crucis,
1103 2283 1137 2341 et
1153 2273 1312 2358 incipiant
1327 2273 1488 2338 canticum
1504 2269 1653 2357 madum.

469 2381 525 2448 llli
547 2380 677 2464 iratres,
702 2382 757 2466 qui
780 2403 846 2448 non
868 2380 980 2448 valent
1002 2403 1150 2467 surgere,
1175 2388 1253 2446 eant
1276 2377 1389 2445 ramuli
1411 2379 1589 2445 servientes
1605 2379 1654 2445 eis

469 2498 502 2555 et
531 2487 673 2555 educant
702 2487 774 2554 illos
805 2487 1048 2555 substentantes
1079 2487 1169 2554 ulnis
1198 2487 1266 2552 suis
1287 2486 1322 2553 iu
1346 2485 1524 2567 aecclesia,
1555 2492 1655 2574 atque

468 2594 639 2679 collocent,
662 2603 699 2661 ot
722 2596 836 2661 melius
860 2595 1036 2680 potuerint.
1072 2595 1246 2679 Ingratum
1268 2593 1350 2660 nulli
1373 2613 1534 2679 apparere
1557 2590 1656 2660 debet

468 2704 530 2770 boo
559 2701 700 2785 iactum,
731 2703 809 2790 quia
838 2725 937 2789 saepe
967 2702 1106 2769 vidimus
1131 2704 1166 2768 in
1189 2701 1304 2769 eodem
1327 2700 1381 2768 die
1404 2701 1539 2802 fratrem
1561 2699 1656 2768 finire

469 2832 508 2876 ex
536 2810 601 2877 hae
630 2810 703 2878 luce
732 2817 765 2877 et
796 2809 839 2877 ad
867 2811 1024 2878 christum
1047 2810 1210 2890 transire,
1241 2809 1340 2876 etiam
1362 2808 1397 2875 in
1419 2807 1493 2894 ipsa
1515 2806 1656 2875 ecelesia

468 2917 601 2984 exulare
625 2918 785 3002 spiritum.
819 2917 885 3004 eri
908 2917 949 2984 de
972 2917 1094 2984 talibus
1120 2916 1258 3000 dubitet,
1282 2915 1370 3002 quod
1392 2937 1459 2982 non
1482 2915 1593 2982 statim
1610 2915 1655 2982 ad

470 3045 570 3109 regna
592 3024 740 3109 polorum
756 3023 953 3109 penetrare?
988 3024 1112 3091 Divina
1128 3043 1230 3110 opera
1245 3023 1355 3089 dulcia
1371 3030 1447 3089 sunt
1462 3020 1654 3102 solentibus,

469 3152 583 3198 amara
614 3130 765 3197 ridentur
792 3130 987 3198 nolentibus.
1033 3130 1090 3196 Ita
1119 3129 1241 3197 debent
1270 3151 1352 3215 opus
1376 3128 1441 3196 Dei
1462 3150 1522 3215 per
1543 3130 1656 3196 omnia

469 3260 576 3323 agere,
600 3239 683 3304 sicut
699 3238 745 3303 illi
761 3238 794 3304 in
810 3237 1019 3320 monasterio,
1034 3236 1272 3325 praeterquod
1288 3235 1405 3304 leniter
1421 3243 1520 3321 atque
1535 3237 1656 3304 cursim

468 3344 599 3430 dicant,
622 3344 829 3411 intervallum
853 3366 917 3412 non
942 3354 1053 3430 agant,
1078 3347 1174 3412 Deus
1196 3345 1336 3412 auribus
1359 3342 1576 3424 dimittantur,
1599 3364 1654 3410 ex·

470 3451 559 3537 pleto
597 3473 696 3538 opere
729 3450 781 3518 dei
815 3460 1021 3519 revertantur
1054 3450 1244 3519 dormitum.
1295 3449 1351 3517 Illi
1384 3471 1480 3535 raro,
1519 3450 1575 3537 qui
1607 3450 1657 3516 ita

469 3560 637 3625 nimietate
659 3558 857 3625 infirmitatis
872 3558 1083 3639 detinentur,
1115 3557 1204 3643 qnod
1226 3556 1316 3624 nullo
1339 3557 1437 3624 modo
1459 3579 1656 3644 consurgere

470 3665 616 3748 valeant,
646 3687 722 3732 mox
751 3674 788 3733 ut
818 3667 851 3733 in
881 3667 1082 3732 monasterio
1113 3665 1235 3732 fuerim
1261 3663 1427 3731 celebrata
1448 3664 1658 3732 nocturnalia

470 3771 637 3857 obsequia,
661 3780 788 3838 annuat
811 3772 880 3854 ille,
911 3773 967 3858 qui
990 3771 1140 3838 ordinem
1163 3779 1264 3846 tenet.
1294 3769 1422 3838 duobus
1444 3791 1464 3837 o
1486 3769 1655 3852 iratribus,

470 3880 523 3964 qui
553 3877 619 3945 illis
650 3877 703 3945 dei
729 3901 811 3964 opus
835 3879 1020 3947 decantent.
1068 3876 1286 3964 surgentibus
1309 3898 1387 3944 vero
1409 3876 1474 3944 illis
1497 3885 1534 3944 nt
1557 3898 1658 3965 supra

469 4007 509 4052 ex
531 3983 659 4052 lentulis
683 3987 761 4069 suis,
790 3986 863 4052 luce
886 3985 951 4052 diei
975 3993 1168 4072 apparente,
1192 3984 1241 4053 rel
1265 3993 1338 4051 orto
1358 3985 1428 4070 jam
1451 3983 1522 4052 sole
1544 3983 1676 4051 lavent·

469 4113 584 4158 manus
608 4100 712 4178 atque
735 4093 835 4160 iacies
858 4114 952 4172 suas,
983 4102 1015 4160 et
1039 4092 1237 4159 conveniant
1259 4092 1293 4158 in
1316 4091 1497 4159 oratorium
1521 4097 1657 4158 sanetae

470 4199 610 4280 risanae,
646 4208 680 4266 et
713 4198 848 4266 audiant
882 4201 1015 4266 missam
1051 4199 1093 4266 ab
1125 4198 1190 4265 illis
1222 4197 1465 4282 sacerdotibus,
1500 4198 1556 4286 qui
1588 4196 1658 4264 illio

471 4305 609 4389 ptumum
639 4327 736 4373 osane
765 4306 809 4373 ibi
839 4307 1052 4372 conveniunt:
1088 4313 1124 4371 at
1154 4305 1211 4371 abi
1240 4306 1347 4372 minna
1378 4305 1517 4389 adsunt,
1547 4304 1658 4372 veniat

471 4412 583 4497 irater,
607 4413 663 4498 qni
686 4412 842 4479 sollicitus
866 4422 914 4479 est
940 4434 1038 4498 super
1061 4434 1119 4479 eos
1143 4413 1176 4478 in
1193 4412 1349 4494 clanstro,
1372 4420 1405 4480 et
1422 4418 1546 4479 annuat
1562 4409 1658 4479 iratri

470 4540 565 4604 quern
595 4519 666 4606 ipse
696 4519 784 4601 velit,
814 4530 944 4604 exeant,
972 4528 1005 4587 et
1032 4519 1136 4601 dicat,
1166 4528 1200 4587 et
1229 4520 1285 4607 qui
1314 4518 1554 4587 communicare
1577 4517 1658 4596 vult,

471 4624 583 4692 faeiat.
628 4625 731 4693 Nullo
762 4626 883 4711 quippo
913 4634 1060 4712 tempore
1096 4626 1274 4712 pometerire
1309 4624 1441 4710 debent,
1473 4623 1560 4712 qnod
1594 4624 1660 4712 ipsi

469 4730 591 4798 intirmi
614 4753 741 4799 sacram
766 4754 824 4818 per
851 4732 995 4820 singulos
1019 4731 1089 4799 dies
1113 4753 1180 4800 non
1204 4731 1351 4799 audiant.
1397 4730 1525 4818 Legero
1548 4737 1659 4799 autem
