3792 5375
869 525 1090 588 ...64-

397 714 597 801 Antiphone,
624 719 726 783 Tacito
749 729 899 803 empore.
942 714 1158 803 Supervenite
1181 735 1202 780 a
1225 713 1353 781 duobus
1376 721 1518 780 canatur
1540 713 1574 781 in

396 823 523 910 cappis,
554 823 715 910 Allelap‘a,
739 825 887 910 allclzpb.
933 820 1110 888 Lectiones
1131 827 1207 888 ceto
1231 842 1270 887 ex
1293 841 1445 887 sermone
1468 821 1575 888 sancti

396 928 568 1011 caligastini.
602 928 865 1013 Responsom'um,
898 929 1025 996 Virtute
1046 952 1184 1014 tatagna.
1223 927 1397 1014 Quianam,
1421 933 1575 994 octavum

395 1034 618 1101 duodecimum
643 1033 763 1101 abinis
785 1034 1012 1101 decantentur.
1047 1033 1087 1100 Ia
1112 1035 1209 1101 tertio
1226 1035 1461 1120 expositionem
1477 1054 1575 1101 even·

395 1141 469 1225 gelli
492 1142 593 1226 ipsius
608 1140 724 1207 ciete>
757 1141 798 1207 In
821 1141 974 1208 laudibus
990 1141 1131 1226 quinque
1148 1139 1348 1227 atiuphonee
1364 1141 1576 1226 inponantur,

396 1248 633 1334 respunsorinm
659 1254 758 1333 ablue
783 1252 1021 1316 licncdiccmus
1046 1250 1186 1315 Ilomino
1215 1253 1292 1314 ante
1316 1267 1409 1314 uram
1439 1255 1577 1314 cantent

396 1355 495 1439 pueri.
526 1352 560 1421 Si
573 1354 747 1420 laabuen'nt
757 1353 896 1439 aliquem
914 1362 1063 1421 sanctum
1079 1376 1119 1420 ex
1135 1376 1173 1421 eo
1189 1359 1342 1439 repetent
1358 1352 1575 1439 antiphonam

395 1469 428 1525 et
450 1459 676 1526 matutinalem
700 1482 827 1526 sacram
844 1481 883 1525 ex
900 1481 939 1526 eo
956 1469 1066 1546 agant.
1102 1458 1235 1527 Debent
1250 1481 1322 1527 esse
1337 1482 1451 1527 omnes
1466 1481 1575 1528 sacer·

396 1566 488 1633 dotes
517 1576 615 1652 utque
645 1567 763 1634 levitae
793 1567 835 1632 ad
866 1568 1022 1652 majorem
1053 1567 1186 1633 missam
1216 1567 1250 1633 in
1279 1567 1411 1653 cappis,
1446 1574 1575 1655 septem

396 1674 566 1740 cereostali
589 1680 666 1740 ante
689 1673 811 1759 altare,
836 1682 993 1759 quattuor
1015 1673 1135 1741 iratres
1158 1679 1292 1740 teneant
1306 1674 1461 1743 osticium.
1494 1673 1575 1760 Epi·

395 1780 491 1862 stola,
514 1783 656 1848 Stabant
666 1781 807 1870 Jiaestiill
838 1783 995 1869 Allelaq'a,
1020 1784 1165 1849 Stabunt
1180 1784 1279 1868 justi.
1296 1780 1321 1868 ][
1351 1779 1453 1861 Item,
1485 1782 1575 1848 Allo

396 1891 476 1976 lipia,
500 1888 750 1975 confitebuntur.
797 1886 839 1953 In
862 1886 952 1953 lionis
976 1885 1168 1974 antiphone,
1193 1908 1277 1971 qam
1300 1888 1334 1954 in
1357 1885 1456 1953 laude
1480 1884 1574 1969 fiunt,

395 1994 562 2080 inponant.
613 1993 671 2061 Au
694 2016 862 2080 uesperam
892 1997 1043 2083 Allelap'a
1073 2015 1112 2060 ex
1143 1994 1331 2079 antiphonis
1361 1993 1464 2080 ipsius
1499 1991 1574 2074 diei,

395 2122 491 2168 unam
515 2109 641 2168 tantum
665 2110 697 2168 et
720 2100 864 2187 psalm0s
887 2100 1134 2187 Apostolorum.

481 2206 594 2275 LXV.
617 2207 770 2273 quentio
793 2215 927 2274 sanetae
950 2209 1068 2278 crucis.
1113 2206 1171 2274 Aa
1195 2224 1383 2292 vesperum:

481 2314 686 2401 Aiitipltona,
703 2314 890 2401 Crucifixus
906 2319 1063 2393 incarne,
1080 2317 1229 2402 alleluja,
1245 2315 1396 2405 alleluya.
1420 2313 1575 2384 Psalmos

395 2443 434 2487 ex
457 2422 539 2488 seria
559 2420 662 2506 ipsius
684 2420 759 2490 dici.
795 2420 1000 2506 Capitulum,
1024 2423 1115 2489 ,tlibi
1134 2435 1244 2489 eutem
1266 2422 1355 2491 absit
1373 2425 1539 2509 gloriari.
1550 2423 1576 2509 ¹)

395 2531 465 2595 Iloc
487 2532 620 2616 saptiam
649 2532 767 2598 caucis.
816 2527 960 2612 Ymnus,
993 2530 1134 2598 vexilla.
1180 2527 1393 2614 Antiphone,
1425 2528 1575 2598 Ocrax.

394 2633 510 2703 Oratio
533 2635 633 2723 ipsius
657 2635 720 2703 diei
744 2645 777 2703 ct
800 2642 953 2722 repetant
976 2634 1191 2722 autiphonam
1219 2635 1261 2703 de
1284 2635 1419 2707 sanctia.
1467 2633 1578 2706 Statio

395 2742 453 2810 liat
475 2742 519 2810 ad
542 2750 688 2810 sanctam
711 2764 854 2825 cmcem,
884 2743 1127 2830 responsorium
1150 2742 1200 2809 uel
1225 2742 1458 2830 antiphonam,
1491 2768 1578 2831 quae

395 2850 566 2917 conveniat
584 2857 617 2916 et
632 2851 739 2917 oratio
755 2849 795 2917 ele
811 2851 885 2936 ipso
900 2871 1007 2931 cruce,
1031 2849 1212 2936 eademque
1227 2850 1262 2916 in
1277 2850 1422 2919 crastino
1438 2851 1577 2933 faciem,

395 2965 469 3044 post
491 2965 679 3024 sanctorum
702 2956 870 3041 sutfragia.
916 2955 1150 3043 Supemenite,
1175 2961 1343 3046 Alleluja,
1369 2960 1512 3047 alleluja
1534 2961 1578 3027 si·

396 3064 461 3131 cuti
484 3062 599 3131 diebus
622 3064 791 3131 dotaainicis
814 3063 944 3131 solitum
969 3071 1038 3147 est,
1062 3070 1172 3131 tamen
1197 3085 1218 3130 a
1240 3063 1369 3132 duobus
1391 3064 1506 3153 cappis
1528 3066 1577 3133 iu·

396 3169 483 3237 elutis
512 3170 713 3239 decantetur.
760 3170 905 3256 Ymnus,
940 3174 1089 3240 Aeterne
1119 3173 1247 3240 clarabti.
1293 3170 1471 3240 Lectiones
1501 3180 1578 3242 octo

396 3276 437 3346 de
461 3275 601 3346 Sanctis.
647 3278 917 3363 Responsurium,
949 3280 1105 3346 Pretiosa
1112 3307 1122 3359 ;
1159 3283 1329 3362 quartum,
1360 3286 1513 3346 octauum
1542 3287 1578 3348 et

396 3384 620 3452 duodecimum
644 3385 709 3452 duc
732 3386 850 3453 naues
873 3383 1109 3451 decantabunt
1148 3383 1206 3451 Aa
1229 3386 1361 3452 cantica
1383 3385 1577 3473 antiphona,

396 3495 556 3581 alleluja,
572 3494 722 3581 alleluja.
752 3493 859 3559 Dulce
873 3496 1013 3577 ligatura.
1045 3491 1219 3558 Canticum
1235 3513 1377 3580 namque
1393 3492 1435 3560 de
1451 3492 1579 3562 abacuc

397 3599 568 3686 propbeta,
590 3599 731 3667 Domine
745 3600 913 3679 caudicae>
940 3597 1029 3686 quod
1054 3597 1221 3666 dividatur
1235 3599 1270 3666 in
1284 3598 1380 3666 binae
1395 3598 1578 3687 Gloriam)

397 3705 546 3773 videlicet
569 3708 743 3790 liberaqaid
761 3708 795 3772 in
808 3707 1017 3795 starniaibus.
1042 3708 1157 3774 Existi
1174 3711 1209 3775 in
1223 3709 1374 3776 salutem.
1398 3706 1578 3775 Lectiones

397 3820 554 3899 quattuor
573 3812 613 3880 ‹le
629 3812 807 3899 euangelio,
832 3815 922 3880 Erat
933 3812 1079 3895 talitali)
1101 3813 1312 3899 expositionis
1328 3812 1476 3899 ejusdem
1500 3813 1577 3886 diei.

398 3918 437 3985 ln
460 3917 611 3987 laudibus
634 3919 832 4006 antiphonae
855 3919 975 4005 quinae
1003 3926 1206 4006 promantur.
1253 3918 1413 3987 Breuiata
1441 3941 1578 4008 respon·

397 4026 484 4093 soria
512 4026 579 4093 sive
608 4030 846 4094 Benedicamus
875 4027 1004 4094 domimo
1032 4032 1101 4093 tum
1130 4026 1165 4092 in
1193 4026 1256 4094 hae
1278 4026 1379 4109 hora,
1409 4026 1577 4114 quemad

398 4154 549 4219 vesperas
570 4134 663 4219 pueri
686 4140 764 4200 ante
786 4132 907 4218 gradus
929 4132 1143 4218 proclament.
1185 4131 1419 4200 Matutinalem
1442 4134 1577 4203 misaam

486 4328 508 4395 ⁸)
528 4326 657 4383 Priinitos
670 4327 697 4383 in
710 4334 787 4384 texta
802 4327 915 4397 ,lacinia⁸
929 4327 1081 4399 legebatur,
1094 4327 1164 4398 quoi
1177 4326 1275 4384 deiude
1293 4328 1322 4384 in
1335 4326 1428 4400 ,obsit
1443 4328 1577 4401 planari*

398 4423 546 4474 conectam
564 4420 616 4472 est.

484 4504 508 4574 ¹)
526 4504 678 4562 Diuiienclo
702 4505 837 4563 canticum
862 4522 910 4562 seu
935 4506 1085 4563 orationem
1108 4504 1259 4577 propbetas
1275 4505 1305 4562 iu
1321 4504 1401 4562 blus·
1418 4505 1524 4577 picae·
1542 4509 1578 4565 aa

399 4610 504 4651 versum
522 4600 648 4651 octauum
668 4594 819 4665 ,Nuanqnicl
838 4594 865 4650 in
878 4594 1060 4666 ssnauimbns“,
1078 4600 1107 4651 et
1125 4594 1160 4650 ml
1183 4610 1292 4651 uersum
1310 4592 1445 4651 decimum
1463 4583 1582 4653 tertiani

401 4683 550 4754 ,Egressum
568 4683 644 4740 estu
662 4684 805 4753 sautem,
823 4683 878 4740 tria
895 4683 1003 4741 eunucu
1020 4681 1219 4740 efficiebantur.
