3792 5375
913 449 1133 509 ...bo-.-

446 645 576 706 tantum.
614 636 705 704 Tunc
729 637 870 704 habeant
894 637 1017 704 cellarii
1041 639 1147 704 uinum
1172 647 1422 725 praeparatum,
1447 648 1481 708 et
1504 662 1611 707 came·

443 745 516 809 rarii
532 767 615 809 tinius
630 745 713 825 hinc,
739 745 820 810 alins
834 745 908 810 inde
931 745 1086 810 frattribus
1101 746 1276 831 propinent
1296 748 1415 814 vinum.
1447 747 1494 813 Et
1509 746 1608 813 dena·

442 851 503 915 rios
525 860 739 936 praeparatos
769 851 921 932 habeant,
946 860 982 917 ut
998 852 1081 918 -dum
1113 851 1231 918 iratres
1258 853 1420 938 accipiunt
1452 854 1608 939 scyphum

441 957 559 1024 donent
581 958 786 1043 pauperibus.
822 956 948 1044 Quibus
973 957 1124 1025 dantibus
1139 948 1324 1040 ¹vasculum,
1348 981 1464 1026 nranus
1481 959 1609 1026 illorum

440 1065 633 1147 osculentur,
657 1079 753 1152 arpen·
776 1065 927 1148 ineram)
951 1087 1098 1130 nummos
1122 1064 1204 1138 (latos
1227 1065 1276 1131 rel
1293 1074 1359 1132 tres
1375 1066 1607 1133 trilmantcnm

439 1172 646 1239 osculatione.
692 1170 788 1256 Quod
821 1196 890 1238 erun
920 1172 1038 1239 inerint
1068 1171 1200 1252 lactum,
1225 1173 1314 1238 (licat
1339 1172 1442 1239 abbas
1465 1174 1493 1239 si
1516 1196 1610 1258 prae·

439 1278 637 1359 miminerit,
663 1280 801 1348 osaea·
812 1282 901 1347 nobis
913 1282 1053 1346 Denn'ae
1071 1283 1336 1347 misericordiam
1354 1293 1455 1349 teratu.
1481 1281 1611 1367 apeme

438 1389 565 1469 chisen,
588 1391 708 1455 christe
729 1389 868 1467 eleison,
895 1389 1021 1473 Κννίαε
1043 1390 1169 1455 cleison.
1216 1391 1321 1455 Pater
1342 1400 1459 1455 resur.
1504 1391 1550 1454 lit
1571 1413 1611 1455 m·

438 1517 504 1560 nos.
528 1492 610 1559 Post
632 1493 715 1560 lianc
739 1495 915 1560 orationem
940 1492 1069 1559 ‹licatnr
1098 1502 1248 1579 apertae,
1274 1495 1485 1581 Sascepimas
1514 1496 1608 1562 Dens

438 1605 699 1669 misericerdiam
722 1615 823 1669 tetam.
857 1604 903 1666 Ta
923 1603 1099 1670 artarerlnsti.
1130 1601 1175 1667 Et
1188 1603 1305 1683 oratio,
1331 1604 1455 1669 Adesto
1470 1603 1611 1670 Domine

438 1722 568 1775 nestrae
581 1712 758 1775 seruitutis.
795 1707 944 1773 Psalnuus
957 1715 1076 1790 annm,
1100 1710 1263 1777 Miserere
1285 1712 1351 1776 mei
1364 1711 1458 1777 Dens
1480 1709 1611 1775 alluatur

437 1815 497 1882 sub
519 1815 658 1894 silentio,
682 1815 791 1901 sicque
808 1814 997 1880 sonantibus
1016 1813 1135 1881 tabulis
1159 1823 1236 1882 eant
1259 1816 1291 1881 in
1315 1816 1449 1882 chorum
1466 1816 1509 1882 ad
1525 1814 1610 1884 l'es·

437 1945 548 2009 peram
573 1945 708 2008 cunique
737 1922 858 1989 inerint
880 1921 998 2006 singuli
1021 1922 1083 1989 loci
1106 1923 1175 1989 suis
1197 1945 1279 2009 puer·
1302 1924 1435 2009 incipiat
1458 1923 1609 2007 antipho·

437 2052 523 2111 natur,
547 2030 690 2098 Calicem
713 2032 885 2098 salutaris.
922 2029 1085 2111 Psalmus‚
1110 2033 1254 2101 Credidi.
1296 2028 1500 2116 Antiphona,
1528 2032 1609 2097 Caesa

436 2140 489 2205 ln's
511 2140 578 2223 qui.
608 2141 670 2205 Ad
688 2139 865 2205 Domirmm
889 2140 966 2204 dam
990 2138 1182 2204 tribularer.
1213 2138 1268 2205 Ab
1281 2139 1608 2226 hotreiuibusiaiqu.

437 2246 540 2331 Ert'pe
562 2270 621 2312 me.
666 2244 869 2330 Antiphone,
895 2244 1029 2311 (asterii
1049 2269 1108 2313 ma
1155 2247 1296 2312 Domine
1318 2245 1474 2312 clamavi.
1513 2242 1610 2310 Anti·

437 2350 555 2438 pliona,
574 2353 826 2420 Considerabam
843 2355 891 2418 ad
900 2355 1081 2419 dexteram.
1114 2353 1195 2418 l'ucr
1210 2376 1292 2419 aerea.
1322 2350 1488 2418 Euntibus
1504 2350 1609 2419 senio·

437 2457 525 2525 ribus
548 2457 763 2539 refectorium,
788 2458 952 2525 secretarii
982 2456 1223 2544 discooperiant
1246 2456 1375 2527 altaria.
1407 2457 1448 2524 In
1472 2458 1610 2526 refecto·

437 2566 519 2631 num
542 2566 608 2631 sint
634 2564 765 2631 tabulae
794 2572 983 2649 coopertae,
1016 2573 1049 2631 et
1071 2564 1241 2631 caritatem
1272 2565 1405 2636 iaciant.
1452 2565 1533 2650 Ipsa
1555 2564 1609 2633 die

438 2696 501 2739 non
532 2671 630 2741 debet
658 2671 932 2761 aelernospnarins
963 2695 1080 2760 panem
1114 2681 1148 2741 et
1176 2673 1284 2741 sinum
1307 2672 1475 2761 accipere,
1502 2695 1610 2759 neque

436 2780 574 2847 sabbato
590 2789 703 2848 sancto
718 2780 806 2866 quod
822 2781 1013 2847 reuranserit
1035 2781 1069 2848 in
1092 2780 1273 2851 refectorio.
1309 2780 1393 2848 (lum
1416 2780 1554 2847 exierint
1568 2780 1610 2848 de

437 2887 609 2954 refectorio
631 2888 749 2953 iratres
774 2909 885 2954 versus
905 2897 937 2954 et
961 2887 1070 2953 omnia
1093 2886 1206 2954 dicant
1228 2885 1289 2953 sub
1312 2887 1459 2972 silentio;
1490 2886 1610 2955 deinde

437 2994 545 3062 lavent
579 2995 679 3081 pedes
713 3017 806 3079 suos,
836 3004 869 3060 et
897 3001 1134 3080 praeparentur
1161 2994 1205 3061 ad
1234 2993 1425 3061 mandatum
1459 2993 1609 3063 fratrum.

436 3101 583 3169 Primum
606 3109 713 3168 antem
737 3124 811 3169 cum
826 3101 869 3168 ad
895 3101 1085 3169 mandatnm
1108 3102 1327 3184 convenerint,
1350 3101 1608 3182 ebdomadam,

436 3210 490 3296 qui
513 3210 631 3276 exituri
655 3217 730 3276 sunt
752 3208 793 3277 de
810 3211 947 3295 coquina
970 3209 1117 3295 sequenti
1137 3208 1309 3290 dominica,
1334 3208 1435 3297 pedes
1458 3208 1609 3277 erunibus

435 3314 556 3384 lavent.
586 3316 707 3384 Postea
720 3315 979 3401 domnusabbas,
1003 3317 1030 3382 si
1045 3337 1201 3402 praesens
1224 3316 1333 3397 fuerit,
1355 3338 1395 3381 ex
1420 3337 1486 3383 una
1499 3323 1608 3401 parte,

434 3424 524 3509 prior
535 3446 576 3491 ex
598 3424 702 3490 altera
725 3424 836 3490 latent
857 3423 968 3510 pedes,
984 3431 1113 3508 tergant
1135 3431 1168 3489 et
1192 3422 1389 3491 osculentur.
1421 3421 1518 3510 Quod
1535 3444 1609 3490 eum

435 3529 534 3598 fuerit
556 3531 733 3617 impletum,
759 3531 866 3597 ueniat
889 3530 1026 3598 domnus
1048 3530 1151 3598 abbas
1175 3529 1332 3597 inlocum
1355 3550 1460 3611 snum,
1483 3536 1518 3597 et
1540 3528 1608 3598 (luo

437 3636 554 3705 iratres
573 3629 687 3705 lavent
709 3638 819 3724 pedes,
843 3638 1015 3704 servitores
1042 3644 1151 3704 autem
1175 3635 1263 3703 iores
1287 3635 1465 3723 capitulum
1487 3635 1607 3707 lavent.

436 3742 519 3812 Cum
543 3767 619 3811 vero
642 3767 758 3811 insanus
780 3743 911 3811 ablutae
935 3744 1064 3826 inerint,
1089 3744 1198 3811 veniat
1214 3744 1371 3811 diaeonus
1394 3750 1428 3810 et
1450 3751 1518 3812 tres
1541 3766 1608 3812 ser·

437 3851 555 3918 vitores
571 3860 604 3919 et
617 3853 796 3919 vestiantur
811 3852 843 3917 in
860 3851 1032 3919 aeeclesia:
1057 3850 1214 3917 diaconus
1225 3851 1343 3918 stolam
1355 3850 1486 3934 habeat,
1510 3858 1545 3919 et
1556 3873 1608 3922 ac·

437 3958 592 4045 cipientes
615 3959 680 4025 duo
703 3957 901 4025 candelabra
925 3980 998 4026 ema
1021 3957 1176 4039 candelis,
1200 3965 1233 4025 et
1263 3957 1440 4025 turmulam
1464 3980 1538 4025 cum
1561 3959 1609 4026 in·

437 4085 544 4146 censo,
567 4072 722 4151 sonetque
745 4067 939 4133 secretarius
962 4088 1035 4133 cum
1059 4066 1191 4131 licentia
1213 4064 1370 4132 tabulam.
1405 4063 1505 4132 Alter
1529 4086 1608 4134 ena·

438 4169 555 4254 logium
585 4180 695 4257 portet
728 4179 761 4239 et
788 4171 944 4239 ‹liaconus
962 4174 1131 4261 ][textum.
1186 4169 1313 4257 Quibus
1347 4172 1394 4237 ita
1427 4171 1608 4258 capitulum

436 4276 634 4345 intrantibus
668 4285 744 4345 ante
778 4278 989 4366 Euangelium
1031 4285 1166 4363 surgant
1200 4300 1328 4360 omues,
1370 4284 1403 4345 et
1443 4285 1609 4347 aunuente

503 4527 547 4687 ὦ)
566 4527 670 4585 Verba:
695 4530 785 4599 Atque
803 4528 910 4599 iterum
927 4527 956 4585 iu
975 4534 1054 4585 textu
1071 4527 1198 4599 primitus
1217 4543 1271 4583 nou
1292 4526 1415 4595 ederant,
1438 4525 1609 4583 etiamnum

436 4628 502 4670 ese
523 4616 620 4674 'mult-
