3792 5375
787 496 1011 558 -33—

303 686 557 772 procedentibus
586 686 673 753 hane
704 685 916 771 antiphonam
941 685 1165 771 proclament,
1190 686 1323 755 Christe
1343 700 1445 774 pater
1467 687 1492 775 ][
1572 703 1614 746 tol·
1629 705 1669 744 κ·

295 809 408 880 preter.
456 792 708 860 Introeuutibus
746 816 823 859 uero
857 792 908 858 bis
948 795 984 860 in
1022 794 1180 880 templum
1225 801 1258 861 et
1294 802 1491 875 sanctorum,

303 925 440 988 quorum
465 900 511 966 ibi
538 900 675 986 reliquie
691 899 1073 988 habenturlrouorem,¹)
1104 903 1265 987 inponant
1278 899 1491 988 antiphonam

304 1010 353 1075 rel
364 1008 572 1093 responsoria
583 1008 658 1093 iu.²)
676 1006 731 1072 Ad
744 1006 969 1073 matutinalem
984 1008 1128 1090 missam,
1142 1007 1346 1075 solummodo
1358 1028 1491 1095 respon·

303 1115 423 1182 surium
433 1113 546 1179 (licant
563 1113 661 1198 quale
674 1113 707 1178 in
722 1113 946 1199 iutipbauario
957 1115 1241 1200 (llpraescriptum
1253 1121 1315 1185 est.
1331 1113 1492 1200 Majorem

303 1223 435 1286 missam
467 1221 607 1300 saciant,
632 1228 669 1287 ut
693 1228 923 1305 praenotatum
955 1229 1006 1286 est
1036 1222 1305 1305 septuagesimae.
1351 1219 1493 1289 Tractus

304 1351 358 1395 sex
383 1327 502 1393 iratres
527 1327 703 1393 ‹lerantent
727 1329 758 1393 in
783 1326 860 1393 alba
875 1334 1026 1410 tantum,
1050 1327 1172 1395 abbate
1191 1327 1328 1413 jubente
1356 1336 1494 1415 possunt

303 1435 357 1501 alii
382 1435 514 1514 iratres,
539 1456 640 1519 usque
665 1434 742 1500 dum
758 1435 865 1519 ipsum
890 1435 1015 1511 dieunt,
1040 1434 1220 1501 consedere
1243 1456 1346 1521 supra
1368 1435 1492 1502 sedilia.

303 1542 344 1608 In
374 1540 437 1607 boc
468 1540 522 1607 die
553 1540 676 1608 debent
707 1563 779 1607 esse
808 1540 943 1608 tabulae
976 1542 1140 1607 refectorii
1163 1549 1348 1628 coopertae.
1395 1539 1493 1628 Quod

303 1649 355 1714 hic
379 1649 412 1713 in
436 1649 599 1714 brevitate
623 1648 872 1732 adnotavimus,
897 1657 934 1715 ut
958 1669 1060 1734 supra
1089 1648 1124 1714 in
1148 1648 1392 1735 septuagesima
1414 1656 1494 1734 quot

304 1764 355 1820 sat
380 1762 440 1833 est,
457 1756 670 1839 praesignata
693 1762 770 1822 sunt
792 1754 855 1822 deo
871 1755 1063 1822 auxiliante.
1098 1753 1188 1821 Nam
1205 1754 1345 1843 denique
1368 1776 1494 1823 secrac·

304 1862 406 1928 tarius
429 1864 590 1929 cortinam
615 1868 737 1929 exacta
759 1884 897 1948 uespera
921 1862 953 1928 in
978 1861 1055 1929 sune
1079 1860 1209 1929 ordinet
1231 1870 1265 1930 st
1281 1861 1494 1950 completorio

304 1979 531 2037 consummato
555 1970 587 2035 in
611 1969 752 2036 circulos
775 1969 966 2037 extendant.

392 2077 534 2146 XLIII.
574 2076 675 2143 Fer-ia
699 2076 846 2144 secunda
868 2075 912 2143 ad
936 2076 1131 2145 nocturnale
1153 2076 1345 2163 obsequium
1367 2098 1494 2165 ymnus,

305 2189 424 2252 Sarrano
448 2186 599 2270 resectis,
624 2194 656 2250 et
681 2185 729 2250 ita
753 2184 888 2269 singulis
910 2183 1028 2250 diebus
1051 2185 1204 2270 proprius
1227 2184 1358 2252 dicatur
1378 2205 1495 2272 ymnus

244 2294 245 2297 ’
305 2313 406 2377 usque
430 2292 463 2357 in
488 2290 684 2358 dominicam
709 2292 905 2375 passionem.
953 2291 1011 2357 Ad
1034 2292 1124 2377 ipsos
1148 2312 1225 2359 uero
1240 2290 1369 2377 uigilias
1383 2291 1496 2377 legant

303 2399 526 2484 expositiones
549 2407 680 2483 patrum
705 2407 904 2482 sanctorum,
928 2419 1015 2486 «quac
1039 2398 1217 2466 aedificent
1239 2398 1422 2467 audientes.
1451 2397 1494 2466 In

304 2504 447 2572 ,seeundo
471 2515 632 2572 nocturno
656 2504 836 2591 capitulum
861 2505 959 2591 quale
984 2505 1060 2573 uelit
1083 2529 1125 2572 ex
1148 2506 1220 2591 ipso
1239 2506 1378 2592 jejunio.
1410 2504 1494 2574 Ora·

304 2613 425 2680 tionem
449 2634 510 2699 per
533 2634 795 2700 unamquamque
820 2611 874 2680 dic
897 2612 989 2679 dicat
1012 2612 1169 2681 ferialem.
1204 2612 1263 2681 Ad
1286 2611 1497 2681 matutinales

302 2721 419 2788 laudes
441 2743 571 2808 ymnus,
595 2724 679 2800 Jam
704 2724 825 2788 (ἀνῖαι)
847 2724 905 2789 sol.
953 2719 1164 2807 Antiphone,
1206 2724 1316 2791 l'em'te
1338 2723 1498 2790 denedicti

297 2830 413 2915 patris
446 2832 520 2896 arrei.
583 2826 861 2913 responsorium,
902 2829 1063 2896 Cormerte
1096 2850 1154 2895 nos
1188 2832 1278 2898 deus.
1340 2828 1495 2913 Praeces,

304 2933 446 3002 Oremus
470 2955 531 3021 pro
555 2934 644 3000 oumi
665 2934 782 3018 gradu.
828 2931 947 3001 Oratio
971 2954 1101 3020 semper
1124 2933 1264 3002 dicenda
1294 2936 1403 3003 estin
1425 2935 1495 3003 lau·

306 3042 402 3109 dibus
425 3040 780 3128 quadragesimalibus,
819 3062 906 3128 quas
936 3040 992 3108 die
1022 3040 1136 3109 eadem
1160 3043 1195 3108 in
1218 3042 1355 3110 introitu
1378 3042 1496 3110 missac

305 3147 557 3217 eaelebmbitur.
604 3146 661 3214 Aa
686 3168 856 3233 uesperum
889 3168 930 3213 ea
961 3168 1092 3234 «quoque
1121 3149 1245 3233 ipsam,
1283 3169 1370 3235 quas
1398 3170 1497 3235 super

304 3256 459 3343 populum
484 3254 627 3321 habetur
651 3262 752 3340 agant
774 3275 914 3340 semper.
962 3251 1160 3322 Sanctorum
1176 3254 1334 3342 suffragia
1347 3263 1495 3342 exoapts,

303 3386 364 3450 pro
389 3363 535 3450 peccatis
559 3384 635 3429 uuo
660 3384 759 3427 unum
784 3383 825 3427 ex
840 3370 968 3448 septem
983 3361 1120 3448 psalnris
1143 3372 1177 3430 et
1193 3361 1292 3429 alium
1309 3360 1352 3429 ds
1367 3363 1496 3431 cantico

303 3469 465 3555 graduum
491 3467 613 3537 dicant
653 3467 854 3555 Capitulum,
881 3469 1023 3536 Ostende
1044 3473 1135 3537 uobis
1158 3473 1239 3538 dem
1260 3477 1295 3537 et
1314 3469 1496 3538 orationem

305 3601 364 3663 pro
388 3577 546 3662 peccatis.
593 3574 754 3643 Similiter
777 3574 821 3641 ad
844 3597 959 3643 omnes
986 3574 1086 3643 boras
1110 3574 1223 3643 dicant
1246 3576 1330 3644 duos
1352 3576 1497 3663 psalmos

304 3684 464 3771 prostrati
488 3705 550 3770 pro
572 3684 767 3768 semetipsis.
813 3682 935 3750 Nullus
964 3703 1006 3749 ex
1028 3681 1185 3751 iratribus
1208 3705 1308 3751 ausus
1336 3684 1380 3751 sit
1401 3705 1495 3770 prae·

305 3793 406 3860 teriri.
454 3791 545 3858 Luce
568 3801 810 3875 apparescente
839 3790 1011 3858 secretarii
1035 3790 1205 3858 cotidiana
1226 3789 1388 3874 bancalia,
1411 3811 1496 3877 quas

305 3909 379 3986 post
403 3899 537 3990 dorsum
562 3898 702 3965 fratrum
718 3897 836 3966 solitae
851 3906 948 3964 erunt
964 3905 1064 3981 stare,
1080 3895 1294 3984 suspendant.
1334 3896 1496 3985 Capsulaa

305 4029 378 4073 cum
402 4005 566 4092 reliquiis,
601 4005 776 4072 crucifixos
799 4014 898 4092 atque
922 4026 1064 4072 coronas
1086 4006 1258 4072 uniuersas
1281 4026 1356 4072 cum
1378 4004 1496 4073 lintea·

306 4112 447 4180 minibus
475 4114 686 4198 cooperiant,
725 4113 824 4180 etiam
854 4112 1067 4198 paruissimas
1096 4110 1289 4182 cruciculas.
1334 4110 1495 4179 Tabulam

306 4241 452 4301 auream,
476 4239 561 4304 quae
584 4227 663 4286 ante
686 4220 793 4305 majus
817 4217 923 4286 altare
946 4227 1008 4303 est,
1032 4217 1185 4286 auferant
1201 4227 1234 4286 et
1248 4218 1497 4305 palliumsuper

305 4331 380 4415 ipsa
402 4347 462 4393 ara
486 4335 679 4413 coaptetur,
702 4327 734 4416 ][
757 4324 847 4413 quod
877 4346 1007 4413 semper
1034 4325 1144 4393 album
1176 4325 1220 4393 sit
1248 4335 1438 4412 coopertum
1460 4325 1495 4393 iu
1610 4384 1619 4399 .

397 4488 406 4522 Ι

397 4489 421 4643 ’l
436 4487 645 4634 lltasldbtextu:
664 4574 770 4632 Forsan
788 4574 952 4646 legendum:
971 4574 1178 4633 introeuntibus
1197 4591 1262 4633 uero
1271 4574 1353 4633 blslu
1365 4575 1496 4647 templum

307 4678 334 4725 et
354 4666 383 4725 tu
402 4672 559 4722 sauctorum
578 4704 585 4720 .
604 4704 612 4719 .
632 4701 641 4719 .
659 4663 802 4735 trameant
821 4706 828 4721 .
848 4701 884 4723 ..

360 4754 542 4799 t'ousaerudtass
555 4753 704 4796 >tramissa
1372 4751 1391 4810 ⁸
