3792 5375
822 616 866 628 -
916 530 995 644 138Ι
1025 613 1069 627 -

444 775 736 859 Aelemosynarum
760 775 879 859 quippe
904 771 989 839 eolla
1011 771 1112 857 pedes
1135 770 1318 838 latitudinis
1332 770 1411 854 Xei,
1435 771 1538 856 longi·

356 881 477 948 tudinis
506 881 600 947 LX¹⁸
631 882 674 948 ud
698 880 943 947 similitudinem
954 880 981 967 ¹)
1012 878 1197 945 latitudinis
1222 878 1356 945 cellarii.
1403 875 1538 945 Galilea

355 987 565 1072 longitudinis
591 986 685 1054 Lxu
716 993 750 1053 et
785 987 930 1072 quinque
961 984 1062 1071 pedes
1098 993 1131 1052 et
1165 984 1250 1052 dune
1279 992 1409 1052 turraes
1435 984 1538 1070 ipsius

355 1095 492 1180 galileae
521 1096 555 1160 in
585 1094 694 1160 fronte
718 1093 913 1175 resistitute3
944 1100 977 1158 et
1010 1091 1123 1159 subter
1152 1093 1243 1177 ipsas
1265 1091 1386 1158 atrium
1410 1098 1460 1158 est
1481 1090 1537 1157 ubi

355 1201 429 1267 loiri
452 1210 550 1284 stant,
572 1208 688 1267 utnon
705 1201 886 1288 impediant
900 1200 1151 1286 processionem.
1192 1198 1224 1264 A
1240 1206 1339 1284 porta
1355 1197 1538 1265 meridiana

267 1292 270 1297 Α
356 1329 457 1393 usque
481 1307 522 1374 ad
546 1313 675 1393 portam
700 1307 939 1392 :vspuilouarium
964 1305 1066 1392 pedes
1090 1304 1333 1373 ccutxxu.
1357 1303 1538 1371 Sarristiae

356 1414 454 1499 pedes
476 1414 686 1500 longitudinis
710 1414 740 1480 L
763 1424 796 1481 et
821 1412 912 1479 VIII
937 1435 1010 1480 cum
1034 1420 1141 1494 turre,
1168 1434 1254 1499 epuns
1277 1413 1310 1478 in
1335 1411 1444 1498 eapite
1467 1410 1539 1497 ejus
1561 1418 1564 1424 “

356 1522 534 1588 constituta
557 1529 617 1587 est.
663 1520 857 1588 Oratoriuur
881 1529 1017 1587 sanctae
1033 1519 1157 1586 mariue
1173 1517 1388 1604 longitudinis
1411 1516 1481 1585 XL
1504 1523 1539 1584 et

355 1628 496 1714 quinque
518 1627 628 1713 pedes,
652 1627 836 1693 latitudiuis
861 1625 975 1707 XX¹¹,
998 1648 1163 1693 silurorum
1188 1625 1373 1692 altitudinis
1388 1622 1484 1690 XX¹¹
1504 1630 1538 1690 et

355 1743 421 1801 tres
450 1735 562 1822 pedes.
614 1733 728 1800 Prima
762 1733 883 1801 cellula
916 1733 1118 1801 infirmorum
1154 1732 1360 1800 latitudinem
1393 1729 1471 1799 XX
1504 1737 1539 1796 et

206 1864 268 1905 ,πε
356 1839 451 1907 vlle
474 1842 592 1927 pedes,
625 1840 888 1930 loanitudinem
918 1840 995 1907 XX
1026 1848 1059 1907 et
1091 1848 1158 1907 tres
1187 1862 1262 1907 cum
1288 1839 1384 1907 lectis
1407 1844 1482 1906 octo
1504 1842 1539 1903 et

356 1947 477 2015 sellulis
507 1948 655 2041 tetidem.
672 1948 706 2015 in
736 1948 898 2034 porticum
923 1948 1022 2032 juxta
1051 1970 1179 2015 murum
1208 1947 1312 2034 ipsius
1335 1945 1473 2013 celludue
1495 1942 1537 2010 de

355 2054 449 2136 soris,
480 2061 513 2123 et
545 2056 690 2123 claustra
719 2054 911 2141 praedictae
941 2055 1078 2122 cellulae
1102 2053 1202 2121 habet
1228 2052 1414 2121 latitudiuis
1436 2049 1538 2139 pedes

355 2160 465 2229 xner.
493 2160 646 2230 Secunda
662 2160 782 2229 cellsda
797 2162 947 2228 similiter
961 2183 1021 2248 per
1043 2162 1154 2228 omnia
1169 2168 1220 2228 est
1234 2166 1401 2247 coaptata
1424 2156 1540 2226 Tertia

354 2267 531 2354 eodemque
553 2267 662 2336 modo.
700 2267 859 2336 Similiter
881 2268 981 2335 etiam
1004 2276 1038 2335 et
1053 2276 1183 2355 quarta
1222 2267 1348 2355 Quinta
1361 2267 1404 2334 sit
1420 2263 1537 2332 minori

355 2373 409 2440 ubi
438 2376 631 2442 conveniunt
659 2374 780 2442 infirmi
810 2374 854 2442 ad
882 2374 1058 2442 lavandum
1089 2375 1190 2461 pedes
1219 2374 1273 2443 die
1304 2373 1536 2442 sabbatorum:

354 2480 403 2547 rel
425 2481 472 2548 illi
503 2481 633 2567 iratres,
668 2483 724 2568 qui
748 2482 855 2549 exusti
878 2489 955 2548 suut
978 2481 1022 2549 ad
1044 2481 1247 2553 mutandum.
1293 2479 1398 2550 Sexta
1419 2477 1537 2546 cellula

353 2595 552 2674 praeparata
560 2588 587 2675 ¹)
626 2590 671 2657 sit
707 2589 763 2656 ubi
791 2587 904 2656 larrruli
934 2589 1113 2657 servientes
1141 2589 1207 2657 illis
1238 2588 1353 2656 lavent
1382 2585 1537 2656 scutellu-

354 2696 417 2782 las,
448 2702 481 2762 et
511 2697 622 2765 omnia
650 2697 816 2766 utensilia
868 2695 977 2764 Jmta
1003 2697 1156 2782 galileam
1183 2703 1409 2765 constructum
1438 2693 1538 2763 debet

354 2825 425 2871 esse
445 2804 604 2890 palatium
625 2804 841 2890 longitudinis
863 2805 918 2874 C¹i
935 2805 1077 2873 XXX⁸2
1093 2813 1127 2874 et
1149 2804 1198 2874 Vs
1217 2805 1331 2893 pedes,
1352 2801 1539 2871 latitudinis

355 2909 505 2996 xxxo,
534 2909 579 2978 ad
606 2911 831 2998 recipiendum
859 2935 973 2981 onmes
996 2913 1262 3000 supervenientes
1283 2910 1446 2993 homines,
1480 2908 1538 2995 qui

355 3039 427 3084 sum
450 3018 612 3105 equitibus
634 3018 887 3086 adventaverint
910 3021 1120 3091 monasterio.
1158 3020 1212 3088 Ex
1234 3040 1303 3086 uus
1316 3026 1414 3105 parte
1435 3017 1539 3105 ipsius

354 3124 470 3191 domus
484 3132 561 3192 suut
574 3132 775 3211 praeparata
790 3125 884 3192 xm·
907 3126 996 3194 lecta
1019 3135 1053 3194 et
1075 3126 1212 3195 totidem
1226 3125 1355 3213 pulvilli
1369 3147 1411 3193 ex
1426 3122 1538 3210 pallio,
1620 3121 1624 3126 ’

355 3230 410 3297 ubi
443 3232 649 3318 requiescant
680 3232 743 3299 viri
777 3241 918 3318 tantum,
953 3256 1026 3300 eum
1058 3233 1186 3301 latrinis
1219 3232 1324 3302 XL¹·.
1382 3231 1437 3299 Ex
1471 3230 1539 3298 alia

353 3358 493 3425 namque
522 3348 618 3426 parte
647 3338 790 3407 ordinati
821 3347 899 3408 sunt
920 3341 1033 3409 lectuli
1055 3339 1197 3408 XXXt·
1219 3340 1276 3407 nbi
1299 3339 1464 3407 conritisse
1486 3336 1537 3405 vel

354 3444 438 3513 aliae
466 3445 624 3514 honestae
658 3446 811 3515 nrulieres
846 3456 989 3534 pausent
1025 3471 1099 3515 eum
1138 3447 1269 3516 latrinis
1298 3445 1451 3530 XXX⁸⁸,
1480 3444 1537 3513 ubi

354 3551 444 3620 solae
466 3555 557 3640 ipsae
580 3575 656 3620 suas
678 3553 857 3640 indigerias
879 3562 1070 3641 procurent.
1106 3555 1148 3621 ln
1170 3554 1279 3623 medio
1301 3561 1413 3622 autem
1435 3552 1539 3640 ipsius
1561 3555 1564 3562 '

354 3659 485 3744 palatiis
507 3659 626 3728 affixae
650 3661 717 3727 sint
739 3681 850 3729 mense
874 3662 970 3729 sicuti
986 3661 1150 3730 refectorii
1165 3661 1312 3747 tabulae,
1334 3659 1393 3728 ubi
1416 3657 1538 3727 aedunt

354 3773 421 3832 tam
445 3765 504 3832 vivi
526 3787 626 3853 quam
648 3765 812 3839 mulieres.

443 3871 483 3939 In
513 3872 745 3942 festivitatibus
776 3874 903 3960 maguis
936 3876 981 3944 sit
1016 3876 1090 3963 ipsa
1119 3875 1236 3944 domus
1265 3874 1431 3943 adornate
1464 3895 1537 3941 eum

355 3979 487 4046 cortinis
516 3987 550 4048 et
579 3980 689 4067 palliis
723 3989 757 4048 et
787 3981 991 4050 bancalibus
1023 3983 1057 4051 in
1092 3982 1249 4051 sedilibus
1281 3982 1438 4069 ipsorum.
1493 3978 1537 4047 In

355 4083 461 4153 fronte
484 4086 584 4173 ipsius
607 4087 650 4155 sit
672 4087 740 4155 slis
762 4088 879 4156 domus
900 4087 1117 4176 longitudinis
1139 4089 1240 4176 pedes
1261 4087 1357 4157 xla·
1373 4096 1407 4157 et
1422 4087 1467 4173 V,
1489 4086 1538 4155 la·

355 4190 503 4260 titudinis
524 4191 677 4262 XXX¹·.
723 4193 811 4261 Nam
835 4195 938 4283 ipsius
960 4195 1131 4283 longitudo
1154 4200 1345 4285 pertingant
1366 4218 1471 4284 usque
1493 4195 1538 4265 ed

356 4299 553 4385 sacristiam,
583 4308 617 4368 et
644 4299 692 4368 ibi
721 4300 861 4369 sedeant
890 4324 1004 4370 omnes
1034 4312 1179 4372 sartores
1208 4312 1308 4392 atque
1341 4312 1472 4373 sutores
1493 4303 1537 4371 ud

356 4404 524 4486 suendum,
548 4405 637 4492 «guod
659 4407 860 4475 camerarius
869 4408 894 4495 ¹)
917 4410 965 4476 eis
979 4411 1151 4497 praecipit.
1189 4411 1236 4478 Et
1250 4419 1288 4479 ut
1301 4415 1536 4499 praeparatam

356 4508 497 4578 babeant
520 4512 564 4579 ibi
587 4513 733 4580 tabulam
749 4514 963 4600 longitudinis
976 4513 1118 4583 XXXu
1139 4516 1252 4604 pedes,
1275 4525 1310 4585 et
1331 4516 1400 4585 slis
1421 4516 1539 4585 tabula

445 4742 598 4811 ‚mm
