3792 5375
841 665 1086 728 -1aa-

561 931 716 1005 Annalis
745 931 836 1005 ritus
866 930 968 1006 iestis
995 929 1062 1005 bos
1091 955 1197 1005 serra
1226 930 1366 1006 diebus.

461 1104 674 1173 CXXXIX.
712 1105 889 1172 Annalium
913 1105 1129 1174 festivitatum

372 1234 505 1292 nrorem,
538 1211 580 1281 D.
601 1211 700 1278 Odilo
731 1212 818 1280 abba
845 1236 919 1279 enm
947 1212 1105 1280 fratribus
1135 1213 1277 1281 decrerit
1303 1213 1417 1280 taliter
1443 1210 1552 1280 obser·

372 1319 524 1401 randum,
549 1318 698 1386 uidelicet
723 1329 760 1386 ut
782 1318 853 1385 dies
876 1321 996 1386 natalis
1019 1319 1142 1386 domini
1165 1320 1279 1404 nostri,
1294 1321 1553 1398 ,resurectionis

371 1426 458 1507 dies,
494 1428 592 1492 ctiam
625 1436 837 1511 pentecosten
871 1434 905 1493 et
939 1426 1010 1493 dies
1041 1426 1161 1494 natalis
1195 1448 1392 1494 summorum
1425 1437 1553 1514 aposto·

370 1533 475 1599 lorum
500 1534 584 1619 petri
608 1543 642 1600 et
665 1533 765 1618 pauli,
796 1534 1042 1619 Assumptiouis
1064 1541 1201 1601 sanctae
1224 1535 1348 1601 mariae
1371 1556 1438 1602 uuo
1465 1553 1553 1600 more

372 1640 592 1707 caelebratur:
616 1649 720 1706 totum
744 1641 975 1707 monasterium
999 1640 1186 1722 ornabitur3
1210 1641 1330 1709 fratres
1352 1637 1419 1708 duc
1441 1649 1475 1708 et
1489 1641 1552 1707 duo

370 1747 481 1813 ‹isilnia
506 1748 710 1832 responson‘a
736 1747 1010 1832 pronuntiabunt,
1033 1748 1098 1815 duo
1115 1747 1259 1816 turibula
1273 1747 1318 1815 ad
1337 1745 1553 1834 vespertinale

371 1876 412 1919 ac
441 1854 635 1921 matutinale
664 1853 806 1920 osticium
837 1853 1040 1934 deserentur,
1075 1864 1110 1923 et
1144 1854 1187 1922 ad
1217 1854 1412 1922 nocturnale
1438 1875 1553 1937 unum,

370 1969 449 2027 ante
487 1961 680 2028 nocturnale
719 1961 909 2047 obsequium
949 1963 1057 2029 onmia
1098 1964 1192 2049 signa
1229 1962 1280 2029 bis
1320 1961 1551 2048 pulsabuntur:

372 2069 602 2134 Inritatorium
634 2089 654 2134 a
677 2076 834 2154 quattuor
856 2069 1014 2137 iratribus
1036 2068 1269 2138 decantentur:
1299 2077 1397 2136 terna
1425 2089 1552 2156 quoquc

371 2176 489 2261 pocula
512 2175 667 2242 fratribus
691 2177 907 2262 propinentur
935 2178 1088 2265 singulis,
1118 2186 1256 2265 excepta
1284 2176 1453 2245 cotidiana
1480 2198 1553 2263 por·

370 2284 459 2350 tione
483 2284 560 2349 riui.

461 2390 565 2457 ltem:
590 2390 675 2456 diem
699 2390 915 2476 appznitionis
940 2391 1084 2471 Domini,
1106 2392 1275 2479 ypopanti,
1298 2392 1509 2470 mendosam
1524 2377 1553 2480 ]['
1652 2414 1684 2442 ο·
1728 2412 1739 2435 r

370 2498 526 2564 nabutae
550 2499 656 2565 sancti
675 2498 829 2584 johannis
852 2498 1029 2584 baptistae,
1053 2521 1118 2566 uno
1142 2499 1238 2568 modo
1254 2505 1402 2584 agentur.
1433 2497 1552 2566 Omnia

369 2607 578 2691 responsoria
602 2627 622 2672 a
645 2605 772 2672 duobus
791 2606 982 2673 centonibus
998 2607 1307 2693 pronuntiabuntur,
1330 2605 1552 2674 invitatorium

369 2735 390 2778 a
414 2721 586 2799 quattuor:
618 2714 660 2782 ad
685 2716 902 2800 vespertinale
926 2723 960 2782 et
982 2716 1177 2783 matutinale
1199 2715 1351 2798 officium,
1382 2714 1428 2782 ad
1449 2713 1552 2781 cauti·
1578 2760 1583 2769 -

368 2842 443 2885 cum
468 2820 509 2885 de
533 2821 700 2905 evangelio
719 2821 797 2888 bina
813 2820 960 2889 turibula
974 2820 1245 2908 deportabuntur,
1269 2822 1430 2891 medietas
1453 2820 1552 2889 etiam

369 2926 549 2995 aecclesiae
573 2928 775 2995 ornamentis
798 2929 1004 3000 decorentur.

459 3033 691 3101 'l'ranslatione
714 3036 821 3102 sancti
843 3035 1024 3116 benedicti,
1055 3038 1089 3104 in
1120 3036 1298 3104 festivitate
1327 3037 1435 3105 sancti
1457 3035 1551 3122 petri,

369 3139 456 3226 quod
478 3148 528 3207 est
544 3143 577 3208 in
595 3141 758 3209 Kalendis
774 3144 913 3227 augusti,
937 3144 1110 3211 nativitate
1125 3166 1254 3231 quoque
1269 3151 1405 3212 sanctae
1418 3143 1552 3220 mariae,
1631 3199 1636 3205 .

369 3246 546 3314 festivitate
570 3272 699 3334 quoque
727 3250 832 3316 sancti
856 3249 1046 3317 michahelis
1068 3260 1103 3318 et
1126 3251 1230 3318 sancti
1260 3250 1420 3335 andreae,
1451 3250 1553 3335 patris

368 3376 497 3440 clusoque
534 3355 661 3442 majoli,
697 3355 855 3423 medietas
885 3364 1013 3423 tantum
1048 3357 1204 3425 basilicae
1241 3366 1418 3426 exornetur
1446 3365 1481 3424 et
1509 3354 1552 3422 ad

368 3462 564 3528 matutinale
594 3471 628 3529 ct
658 3463 875 3547 vespertinale
909 3462 1051 3530 osticium
1085 3486 1186 3531 uuum
1214 3472 1344 3532 brutum
1374 3463 1551 3531 turibulum

368 3569 488 3633 circum
514 3567 639 3635 seratur
661 3578 695 3636 et
718 3569 821 3635 ΙΙΙΙ111
849 3576 978 3637 tantum
1008 3571 1250 3657 responsorium
1279 3592 1301 3637 s
1323 3570 1454 3639 duobus
1475 3590 1552 3637 cau·
1621 3650 1626 3658 Ι

368 3673 495 3742 toribus
517 3673 657 3743 dicatur.

458 3783 565 3849 Porro
581 3782 775 3851 scstivitates
790 3785 935 3851 omnium
951 3794 1149 3863 sanctorum,
1173 3786 1278 3852 sancti
1301 3787 1445 3867 martini,
1468 3786 1553 3852 sicam

369 3887 530 3955 festivitas
553 3889 774 3973 apostolorum
792 3892 876 3976 petri
892 3900 926 3957 et
942 3891 1029 3978 pauli
1047 3912 1106 3977 per
1121 3892 1227 3958 omnia
1245 3903 1397 3976 agantur,
1421 3900 1553 3978 praeter

368 3996 476 4078 signa,
508 4017 593 4081 quae
616 3996 723 4064 solent
746 3997 795 4063 bis
820 3998 942 4083 pulsari
967 4008 1044 4065 ante
1067 4000 1210 4066 osticium
1233 3998 1436 4079 nocturnale,
1467 4019 1553 4086 quae

368 4100 420 4166 hic
444 4102 544 4168 semel
568 4103 779 4188 percutienda
804 4114 896 4188 sunt,
927 4114 960 4172 et
984 4105 1072 4192 quod
1096 4104 1195 4173 seinel
1219 4105 1373 4201 miscetur
1395 4105 1553 4174 imbribus

367 4208 401 4274 in
423 4207 606 4281 refectorio.

576 4428 683 4505 Odilo
711 4430 971 4505 monachorum
1000 4431 1128 4506 ductor
1156 4445 1192 4507 et
1219 4432 1345 4508 abbas

457 4604 567 4672 CXL.
591 4604 770 4673 Decretum
791 4614 842 4673 cst
864 4607 963 4673 etiam
980 4630 1001 4674 a
1016 4606 1206 4693 supradicto
1227 4615 1323 4695 patre
1346 4607 1468 4676 domno
1482 4606 1552 4676 odi·

366 4712 441 4779 lone
472 4732 538 4777 una
568 4733 641 4778 cmn
672 4734 831 4780 consensu
862 4720 895 4781 et
919 4722 1037 4799 rogatu
1061 4716 1203 4782 omnium
1226 4715 1366 4782 fratrum
1389 4714 1552 4781 clunicen-

367 4818 468 4899 sium,
492 4824 529 4883 ut
552 4818 636 4883 sicut
659 4819 692 4884 in
715 4818 861 4886 ecclesiis
885 4819 956 4902 dei,
986 4843 1072 4906 quae
1101 4843 1161 4908 per
1189 4822 1301 4889 orbem
1323 4830 1432 4889 terrae
1455 4820 1551 4906 louge
