3792 5375
880 530 1124 592 -108-

415 722 538 788 Preces
553 722 671 807 populi
690 725 749 798 tui,
774 728 873 805 atque
896 720 1212 790 consuetudinariae.
1250 719 1307 788 Ad
1323 721 1481 807 majorem
1498 717 1594 787 ambe

415 824 572 893 collectae
595 825 747 892 dicantur
771 835 804 894 et
826 826 926 911 aliud,
951 826 1039 913 quod
1063 826 1234 894 dicendum
1253 835 1314 909 est,
1338 826 1485 895 efficiant
1508 826 1594 894 ment

416 954 484 1000 mos
507 932 613 999 estin
637 932 847 1017 plurimorum
869 940 1048 1020 martyrum
1071 933 1277 1005 restinctae.

520 1148 723 1224 'l'hcotocos
746 1161 864 1224 ortum
887 1149 1070 1224 caelebrat
1093 1150 1144 1225 sic
1167 1151 1274 1225 turba
1297 1151 1479 1232 clientum

502 1305 620 1375 CXII.
644 1305 672 1395 ][
696 1306 735 1372 In
758 1306 951 1374 nativitatae

414 1422 549 1480 sanctae
571 1414 704 1495 mariae,
727 1415 915 1501 priusquam
940 1423 1097 1482 sonentur
1112 1437 1275 1502 vesperae,
1299 1422 1435 1482 ornetur
1457 1412 1593 1501 presby·

413 1521 528 1587 terium
559 1528 659 1608 atque
689 1519 806 1588 chorus
834 1521 943 1608 palliis
974 1530 1007 1590 et
1045 1522 1199 1589 incircum
1240 1530 1396 1610 coaptent
1429 1520 1593 1591 bancalia.

411 1628 503 1695 Ante
526 1649 636 1694 arcum
661 1628 839 1694 extendant
861 1629 1006 1714 pallium.
1038 1628 1158 1697 Teates
1182 1630 1422 1716 evangeliorum
1436 1630 1472 1696 in
1489 1625 1594 1696 altare

412 1737 529 1821 majori
544 1756 656 1802 ornnes
671 1745 796 1820 ponant
812 1743 845 1802 et
861 1737 1005 1823 quinque
1029 1737 1114 1804 cerei
1137 1736 1361 1803 accendantur
1383 1741 1461 1804 ante
1475 1735 1592 1821 ipsum.

412 1843 453 1910 In
476 1843 543 1910 alia
566 1842 699 1922 altaria,
730 1864 814 1928 «puae
840 1843 937 1927 juxta
960 1851 1054 1925 snut,
1078 1866 1161 1911 unus
1171 1844 1196 1930 ¹)
1219 1842 1448 1911 tantummodo
1471 1850 1506 1910 et
1528 1842 1595 1910 tint

413 1951 526 2017 sericis
548 1949 721 2029 decorata,
745 1957 812 2016 tam
836 1952 900 2017 ista
923 1973 1023 2038 quam
1048 1950 1115 2036 illa,
1139 1974 1223 2037 quae
1246 1952 1279 2018 in
1295 1951 1403 2038 cripta
1418 1956 1496 2017 aunt
1518 1949 1593 2017 sita.

413 2056 520 2144 Super
534 2056 693 2125 formulas
709 2064 858 2124 sternant
873 2059 1009 2144 tapetia.
1042 2057 1238 2144 Capitulum,
1255 2061 1461 2146 egredietur
1473 2062 1594 2144 virgc5

412 2165 653 2249 responsorium
667 2166 871 2234 Rectissime.
910 2165 1052 2247 Ymnus‚
1068 2169 1142 2233 Ace
1157 2167 1264 2234 creare}
1279 2168 1388 2234 stella.
1427 2161 1594 2232 sacerdos

411 2271 568 2337 induatur
589 2292 625 2338 ae
648 2290 755 2356 cappa
779 2269 822 2337 ad
845 2270 964 2338 altaria
988 2271 1221 2338 circumdanda
1243 2272 1388 2340 incenso.
1428 2269 1594 2358 Antipho·

411 2400 485 2444 uam
501 2376 730 2463 triumphalem
754 2375 940 2460 decantent,
965 2378 1026 2445 boc
1044 2386 1095 2446 est
1110 2387 1160 2446 ter
1175 2385 1323 2465 repetere
1332 2378 1380 2467 ¹),‘
1396 2381 1595 2446 Beaenseme

411 2487 556 2573 virginis
580 2489 730 2558 aerariae·
752 2492 784 2551 et
814 2492 967 2571 repetant
996 2484 1208 2571 antiphonam
1239 2485 1280 2553 ‹le
1304 2492 1420 2553 macto
1443 2483 1594 2554 adriano.

410 2591 495 2660 Post
516 2591 616 2675 (licta,
647 2591 801 2671 collecta,
825 2593 927 2673 Dens,
952 2595 1012 2682 qni
1032 2596 1235 2679 virginalem
1259 2596 1375 2662 crelam
1395 2591 1446 2659 vel
1461 2595 1595 2681 Suppli·
1679 2583 1681 2587 ⁸

411 2703 569 2770 tationem
587 2723 761 2769 servornm
779 2713 917 2769 treorrem.
953 2699 1011 2767 Ad
1028 2702 1202 2768 stationem
1221 2700 1476 2788 responsorium,
1496 2702 1595 2768 Felix

306 2804 311 2811 ’
410 2832 561 2893 nataeque.
606 2804 772 2875 Sacerdos
794 2806 884 2874 dicat
905 2807 992 2875 huuc
1015 2829 1160 2893 nereum,
1185 2814 1259 2877 Ace
1281 2813 1395 2877 aeraria
1412 2812 1537 2895 gratia
1560 2815 1595 2875 et

167 3894 197 3935 ὦ)
224 3893 305 3934 laub.
325 3894 344 3941 l,
364 3897 384 3936 l.

167 3966 195 4007 P·
211 3964 238 4006 Ι..
254 3964 335 4014 ΧΧΥΙ,
349 3967 384 4007 rt.

411 2915 518 2982 oratio
532 2916 635 3001 ipsius
649 2915 757 2981 beate.
780 2914 1021 3000 Inritatorium,
1045 2917 1263 2985 el'atiairatem
1283 2918 1436 3003 Virginis
1447 2916 1594 2998 Marciae,

412 3042 493 3107 quoe
503 3022 528 3107 ¹)
551 3019 729 3089 decantent
750 3022 784 3087 in
800 3023 923 3107 cappis.
956 3021 1098 3107 Ymnm,
1117 3023 1220 3105 Quem
1236 3036 1340 3105 terra,
1351 3035 1484 3111 pontus.
1514 3019 1595 3088 'l'ria

412 3128 589 3195 luminaria
610 3126 793 3195 accendant
816 3136 893 3195 ante
916 3127 1033 3211 altare,
1057 3137 1144 3196 retro
1168 3151 1277 3197 nuum.
1319 3127 1497 3196 Lectiones
1520 3134 1596 3196 octo

413 3234 454 3302 cle
465 3235 603 3302 canticis
617 3235 818 3302 canticorum
834 3235 995 3320 legantur,
1014 3236 1188 3304 Oscreletrer
1203 3237 1306 3316 eere‚(⁸>
1322 3236 1373 3303 rel
1389 3233 1595 3322 approbatae

412 3341 667 3410 consuetudinis.
705 3343 960 3428 Responsorium
985 3348 1137 3429 quartum
1161 3342 1226 3411 duo
1246 3352 1411 3429 promant,
1441 3349 1594 3409 octauum

412 3459 489 3535 tres,
513 3448 738 3518 duodecimum
763 3457 928 3536 quattuor,
952 3458 985 3518 et
1008 3452 1114 3536 ipsum
1138 3449 1324 3518 duodenum
1348 3456 1425 3536 poet
1444 3446 1595 3517 Gloriam

411 3578 433 3623 a
455 3557 563 3643 capite
586 3565 750 3643 repetant.
794 3555 852 3623 Au
883 3559 1012 3624 cantica
1042 3564 1220 3645 arigescant
1242 3557 1428 3642 quindecim
1452 3556 1539 3624 cerei
1560 3555 1595 3622 in

412 3664 538 3748 pertica
568 3670 602 3731 et
632 3663 699 3731 duo
726 3670 803 3730 ante
833 3685 924 3730 amm
952 3664 1112 3747 majorem
1134 3671 1168 3731 et
1190 3646 1445 3751 duo'posterim
1468 3662 1503 3729 iu
1527 3683 1596 3730 ma·

411 3770 514 3837 teriae
528 3770 701 3857 lignorum.
739 3770 954 3856 Euangelium
976 3771 1221 3857 pronuncietur,
1245 3773 1346 3840 Liber
1363 3773 1596 3859 generationis

412 3884 507 3944 etex
531 3878 750 3963 expositiones
765 3878 871 3944 sanai
892 3877 1063 3944 hieronimi
1086 3900 1126 3945 ex
1149 3876 1264 3949 eadem
1279 3875 1477 3945 lectionem
1500 3874 1595 3958 Post,
1658 3898 1662 3907 ·

412 3985 517 4053 Decet
537 3986 622 4067 laus,
646 3983 771 4052 dictum
794 3984 943 4065 collecta,
961 3985 1239 4073 Seepplicationem
1254 4008 1429 4053 servorum
1452 3994 1595 4052 tamam.

412 4090 454 4157 In
475 4090 592 4159 lauden
614 4091 658 4158 ad
682 4092 854 4159 stationem
877 4093 1130 4178 responsorium,
1153 4094 1373 4161 Abtiritatem
1388 4092 1596 4161 lrode'erream.

412 4196 503 4264 Ante
525 4199 663 4283 primam
687 4200 850 4284 accipiant
873 4208 1104 4285 procuratores
1126 4197 1291 4267 refectorii
1314 4195 1451 4286 squillae
1479 4216 1596 4284 argen-

412 4312 484 4372 teae
494 4304 520 4387 ¹)
535 4326 662 4372 necnon
678 4313 712 4372 et
727 4304 880 4372 bancalia
895 4313 994 4391 atque
1010 4305 1162 4373 mantiles
1185 4304 1229 4373 ed
1245 4303 1467 4374 decorandam
1490 4303 1596 4389 ipsam

412 4410 516 4478 erlem.
562 4408 720 4479 Similiter
742 4413 910 4480 secretarii
939 4432 998 4480 aua
1027 4411 1180 4480 bancalia
1202 4413 1237 4479 in
1260 4410 1408 4500 cerritulo
1431 4408 1595 4478 ordinent.

502 4606 524 4677 ¹)
542 4606 659 4665 Ruun-

500 4691 524 4764 ⁸t
541 4694 575 4751 lu
592 4701 688 4752 textu:
705 4701 866 4767 emeatus.
