3792 5375
759 482 984 545 -17..

278 676 349 758 ejus
370 688 486 739 octaua
509 674 620 740 adtira
645 686 694 740 est
719 673 804 740 libro
827 681 1119 742 sacramentorum.
1166 671 1223 739 Ad
1246 672 1463 759 expletionem

279 782 396 845 missae
425 783 536 846 oninia
567 783 658 866 signa
684 792 850 847 sonentur.
895 779 937 847 In
960 779 1135 847 refectorio
1158 781 1223 845 sint
1246 778 1382 846 tabulae
1408 801 1463 847 co·

278 897 402 971 opt-rte.
448 887 506 952 Ad
531 910 687 973 vesperae
710 888 907 972 antiphona,
933 891 964 953 Τ
961 911 1052 954 ecura
1070 889 1275 974 principiam
1304 892 1339 952 et
1367 885 1464 969 aliae,

279 1016 363 1077 quae
386 1006 550 1062 secuntur.
598 994 814 1060 Posttnoduru
839 999 992 1078 repetant
1015 993 1229 1077 autiphonam
1252 991 1295 1059 de
1317 1014 1374 1058 sco
1397 1001 1465 1059 sta·

277 1100 388 1184 phano
403 1122 476 1165 curu
491 1103 608 1167 Gloria
616 1104 720 1187 pratri.
735 1099 853 1167 deinde
865 1099 1006 1182 gloriose
1019 1100 1196 1184 genitricis.
1219 1099 1277 1165 Ad
1289 1100 1465 1166 stationem

278 1208 538 1290 resposorium,
570 1210 717 1275 tinniant
746 1212 782 1274 iu
805 1211 951 1290 gremio.
998 1206 1189 1274 l'ersicnlus
1219 1212 1253 1273 et
1283 1207 1390 1272 oratio
1423 1227 1466 1273 ex

278 1315 349 1396 ejus
370 1314 520 1397 gloriosa.

367 1420 492 1489 ml.
515 1419 664 1486 Oetabas
688 1419 840 1506 stephani
864 1420 911 1485 sic
935 1418 1057 1485 iratres
1079 1420 1202 1486 currite
1226 1420 1342 1490 uncti.

367 1526 496 1594 Onaso
519 1527 626 1592 sancti
650 1526 803 1611 stephani

368 1634 489 1699 saciant
505 1645 574 1698 tres
588 1633 746 1699 lectiones
770 1641 803 1698 et
826 1654 886 1717 per
901 1653 1165 1719 unumquemque
1181 1640 1377 1700 nocturnum
1398 1632 1465 1701 sin·

277 1740 370 1823 gulas
393 1740 591 1824 antiphonas
619 1740 661 1805 de
689 1738 812 1805 domini
836 1739 947 1804 natale
971 1738 1094 1805 dieaut.
1140 1738 1265 1806 Psalmi
1287 1739 1467 1807 familiares

277 1869 339 1913 nec
352 1854 574 1916 assumantur.
612 1845 680 1913 Sed
704 1869 789 1926 ruox,
814 1853 850 1911 ut
870 1845 1047 1912 habuerint
1065 1845 1260 1914 nocturnale
1274 1845 1467 1933 obsequium

278 1966 466 2040 peractum,
489 1962 588 2038 agant
612 1952 755 2019 osticium
779 1960 985 2019 mortuorum
1014 1961 1184 2019 eteorum
1206 1955 1402 2021 matutinum
1431 1962 1468 2022 at

277 2085 349 2127 eum
366 2061 530 2146 expletum
553 2061 654 2126 suerit
676 2058 776 2125 laude
792 2061 957 2125 matutina
972 2081 1073 2125 unum
1088 2058 1323 2128 tandummodo
1337 2062 1466 2146 signum

278 2168 425 2255 pulsetur
446 2177 479 2232 et
501 2168 646 2253 qumque
666 2166 868 2252 antiphonae
888 2165 1043 2232 dicantur
1057 2166 1200 2253 praefati
1216 2168 1331 2236 saneti.
1368 2168 1467 2236 Post·

278 2276 386 2353 modo,
407 2275 483 2342 ssico
506 2284 697 2340 sanctorum
720 2273 877 2358 suffragia
900 2281 1038 2358 peraeta
1060 2271 1247 2355 habuerint,
1270 2275 1404 2341 veniant
1429 2276 1466 2343 in

277 2382 417 2447 liasiliea
444 2387 559 2448 sancte
588 2381 715 2447 mariae
742 2379 893 2446 cernendo
920 2379 1138 2466 antiphonam
1165 2380 1310 2467 ejusdem
1334 2380 1466 2454 heatae.

277 2489 372 2555 Tunc
387 2497 491 2573 agant
504 2488 552 2553 ibi
568 2494 758 2555 sanctorum
775 2487 968 2552 matutinas.
1005 2490 1099 2554 Deus
1119 2490 1260 2556 sariba
1273 2495 1308 2556 et
1321 2490 1467 2576 quinque

278 2596 421 2680 psalmos
434 2618 497 2681 pro
516 2594 692 2678 defunctis,
715 2601 749 2659 et
773 2594 799 2659 si
823 2593 948 2679 aliquid
965 2593 1163 2680 superfuerit
1184 2596 1291 2663 noctis
1313 2602 1393 2663 eant
1413 2618 1467 2665 so·

277 2704 366 2790 poris
388 2705 423 2769 in
437 2704 551 2770 stratis
567 2703 646 2771 suis.
686 2702 742 2767 Ad
757 2702 898 2787 primam
915 2704 1080 2770 Miserere
1102 2707 1170 2771 arci
1182 2705 1273 2787 deus,
1288 2709 1467 2774 scandunt

278 2836 457 2898 prognem,
480 2808 739 2893 l'IIffpsalmos
761 2815 863 2894 atque
886 2809 1066 2875 laetaniam
1096 2816 1131 2875 et
1153 2809 1287 2877 mnsam
1314 2833 1378 2897 pro
1408 2810 1466 2879 de·

278 2919 410 2983 t'unctis.
447 2916 530 2982 Post
544 2916 726 3001 capitulum
743 2938 819 2980 mox
842 2922 880 2981 ut
904 2913 1026 2981 luerint
1049 2915 1130 2982 dieti
1152 2914 1200 2983 Ve
1219 2916 1349 3003 psalmi,
1371 2925 1468 2987 sonet

277 3025 426 3090 tabulam
450 3032 482 3089 et
504 3021 686 3108 lopnautnr
706 3024 742 3088 in
764 3022 909 3088 claustro
931 3043 1036 3108 usque
1058 3022 1175 3090 horam
1197 3024 1341 3094 tertiam
1382 3025 1468 3094 Post

277 3131 458 3217 capitulum
487 3152 528 3196 ex
556 3129 740 3196 infantibus
769 3136 959 3215 peractum,
983 3129 1110 3197 scillam
1134 3132 1330 3199 secretarius
1358 3139 1465 3216 sonet,

278 3253 314 3305 ut
337 3239 471 3322 recipiat
493 3237 717 3322 unusquisque
741 3235 935 3303 humiliarins
957 3258 1080 3322 pensas
1103 3259 1182 3304 suaa
1203 3238 1272 3305 sire
1293 3240 1389 3325 pueri
1409 3261 1465 3307 re·

276 3346 381 3411 locius
394 3352 506 3429 agant,
531 3344 620 3428 qnod
635 3342 799 3429 agendum
822 3345 846 3431 ][
870 3351 931 3426 est,
955 3351 992 3410 ut
1012 3343 1096 3411 bora
1118 3343 1208 3430 quod
1230 3366 1313 3432 opus
1335 3345 1390 3413 dei
1410 3353 1465 3414 est

166 3545 168 3550 Ι
277 3451 430 3533 taciendi,
453 3471 495 3516 ne
516 3451 794 3535 transgrediatur.
839 3450 1009 3517 Namrero
1032 3457 1194 3518 statutum
1216 3459 1269 3518 est
1289 3459 1466 3539 postquam

278 3559 456 3624 insonuerit
479 3558 559 3623 nulli
582 3559 626 3623 sit
642 3557 809 3623 licentiam
831 3555 953 3622 ibidem
968 3579 1095 3624 moram
1110 3558 1277 3625 innectere
1291 3561 1466 3645 magistros

277 3667 328 3731 rel
350 3666 438 3749 ipsos
453 3665 595 3729 infantes
618 3664 718 3730 etiam
742 3665 770 3729 si
792 3685 855 3730 noc
878 3665 1053 3749 quiequam
1076 3663 1202 3749 aliquid
1216 3672 1386 3752 patratum
1405 3666 1466 3734 lm·

277 3773 403 3850 buerit,
432 3779 467 3836 et
497 3772 524 3835 si
548 3769 714 3855 aliquibus
745 3777 840 3836 extra
863 3770 943 3853 hos,
967 3769 1055 3855 ‹puod
1077 3771 1246 3839 intedimus
1268 3773 1467 3859 transgressi

278 3880 409 3958 t'ueriut,
430 3877 579 3963 quisquis
603 3900 643 3942 ex
673 3876 832 3943 iratribus
855 3875 974 3943 viderit
999 3878 1035 3943 in
1065 3879 1210 3945 erastino
1233 3880 1465 3965 quaerelletur.

278 3986 429 4070 Denique
451 3991 543 4068 post,
566 3992 603 4049 ut
633 3984 801 4049 sonaverit
830 3992 943 4050 custos
974 3984 1101 4070 mgnum
1123 3985 1246 4072 majus,
1269 3987 1466 4055 oonreniant

228 4167 230 4184 Ι
277 4115 389 4161 tumes
416 4093 452 4157 iu
473 4090 647 4157 ecclesiam
678 4098 713 4155 et
741 4088 869 4156 saciant
890 4092 1085 4158 orationem.
1131 4090 1226 4159 'lune
1247 4079 1467 4160 revestiantur

278 4199 442 4281 sacerdos,
462 4198 632 4279 «baconus,
656 4206 724 4263 tres
739 4195 883 4263 infantes
903 4204 1003 4283 atque
1019 4219 1205 4280 conuersus,
1228 4199 1335 4267 denuo
1355 4199 1466 4286 pulset

278 4311 405 4392 signum
433 4314 466 4371 et
496 4313 596 4389 agant
624 4305 768 4373 tertiam.
815 4303 893 4389 Qua
914 4302 1049 4391 expleta
1075 4313 1205 4390 promat
1233 4327 1318 4373 unus
1346 4328 1388 4373 ex
1414 4307 1465 4373 in·

278 4412 425 4481 lantibus
446 4412 636 4480 laetaniam.
683 4410 815 4477 Deinde
844 4411 989 4478 missam.
1036 4409 1248 4479 Oli'erendam
1269 4411 1371 4479 facist
1397 4434 1465 4479 me·

278 4524 386 4588 dietas
408 4527 535 4584 tantum
559 4517 701 4584 tranum
731 4525 764 4583 et
791 4538 925 4602 pacem,
949 4523 984 4584 et
1006 4516 1162 4604 deinceps
1189 4540 1251 4604 per
1277 4517 1378 4586 horn
1404 4520 1465 4585 im·

277 4634 402 4716 ponant
436 4623 651 4711 antiphonam
686 4644 728 4688 ex
763 4622 887 4689 domini
916 4623 1023 4689 natali
1055 4645 1112 4705 ea,
1147 4646 1233 4711 quaa
1262 4630 1339 4692 sunt
1366 4645 1466 4712 snper

331 4733 512 4776 emaum
526 4732 676 4774 nsum
1336 4731 1356 4787 ς
