<?xml version="1.0" encoding="UTF-8"?>
<!DOCTYPE html PUBLIC "-//W3C//DTD XHTML 1.0 Transitional//EN"
    "http://www.w3.org/TR/xhtml1/DTD/xhtml1-transitional.dtd">
<html xmlns="http://www.w3.org/1999/xhtml" xml:lang="en" lang="en">
 <head>
  <title>
</title>
<meta http-equiv="Content-Type" content="text/html;charset=utf-8" />
  <meta name='ocr-system' content='tesseract 3.04.00' />
  <meta name='ocr-capabilities' content='ocr_page ocr_carea ocr_par ocr_line ocrx_word'/>
</head>
<body>
  <div class='ocr_page' id='page_1' title='image "./consuetudinesmo00albegoog_0301.png"; bbox 0 0 3792 5375; ppageno 0'>
   <div class='ocr_carea' id='block_1_1' title="bbox 875 457 1143 553">
    <p class='ocr_par' dir='ltr' id='par_1_1' title="bbox 875 457 1143 553">
     <span class='ocr_line' id='line_1_1' title="bbox 875 457 1143 553; baseline 0.004 -36"><span class='ocrx_word' id='word_1_1' title='bbox 875 490 941 553; x_wconf 64' lang='lat'><strong>,··</strong></span> <span class='ocrx_word' id='word_1_2' title='bbox 992 457 1054 518; x_wconf 85' lang='lat' dir='ltr'><strong>rao</strong></span> <span class='ocrx_word' id='word_1_3' title='bbox 1100 490 1143 501; x_wconf 89' lang='lat'>-</span> 
     </span>
    </p>
   </div>
   <div class='ocr_carea' id='block_1_2' title="bbox 423 645 1614 2014">
    <p class='ocr_par' dir='ltr' id='par_1_2' title="bbox 423 645 1614 2014">
     <span class='ocr_line' id='line_1_2' title="bbox 426 645 1611 735; baseline -0.003 -21"><span class='ocrx_word' id='word_1_4' title='bbox 426 648 605 735; x_wconf 89' lang='lat' dir='ltr'><strong>capitulum</strong></span> <span class='ocrx_word' id='word_1_5' title='bbox 629 648 679 714; x_wconf 77' lang='lat' dir='ltr'><strong>uel</strong></span> <span class='ocrx_word' id='word_1_6' title='bbox 703 648 912 714; x_wconf 89' lang='lat' dir='ltr'><strong>collationem</strong></span> <span class='ocrx_word' id='word_1_7' title='bbox 935 646 1133 714; x_wconf 89' lang='lat' dir='ltr'><strong>introeundi.</strong></span> <span class='ocrx_word' id='word_1_8' title='bbox 1174 646 1314 713; x_wconf 82' lang='lat' dir='ltr'>Interim</span> <span class='ocrx_word' id='word_1_9' title='bbox 1338 646 1393 713; x_wconf 92' lang='lat' dir='ltr'><strong>ille</strong></span> <span class='ocrx_word' id='word_1_10' title='bbox 1416 645 1530 727; x_wconf 82' lang='lat' dir='ltr'><strong>irater,</strong></span> <span class='ocrx_word' id='word_1_11' title='bbox 1554 646 1611 732; x_wconf 91' lang='lat' dir='ltr'><strong>qui</strong></span> 
     </span>
     <span class='ocr_line' id='line_1_3' title="bbox 426 752 1614 840; baseline -0.001 -21"><span class='ocrx_word' id='word_1_12' title='bbox 426 776 528 840; x_wconf 92' lang='lat' dir='ltr'><strong>usque</strong></span> <span class='ocrx_word' id='word_1_13' title='bbox 551 776 572 820; x_wconf 93' lang='lat' dir='ltr'><strong>a</strong></span> <span class='ocrx_word' id='word_1_14' title='bbox 595 753 680 819; x_wconf 93' lang='lat' dir='ltr'><strong>diem</strong></span> <span class='ocrx_word' id='word_1_15' title='bbox 705 755 754 820; x_wconf 87' lang='lat' dir='ltr'><strong>sui</strong></span> <span class='ocrx_word' id='word_1_16' title='bbox 779 756 887 821; x_wconf 85' lang='lat' dir='ltr'><strong>exitus</strong></span> <span class='ocrx_word' id='word_1_17' title='bbox 910 754 1067 821; x_wconf 76' lang='lat' dir='ltr'><strong>manserit</strong></span> <span class='ocrx_word' id='word_1_18' title='bbox 1089 753 1153 835; x_wconf 92' lang='lat' dir='ltr'><strong>ibi,</strong></span> <span class='ocrx_word' id='word_1_19' title='bbox 1185 753 1396 840; x_wconf 82' lang='lat' dir='ltr'><strong>etquiequid</strong></span> <span class='ocrx_word' id='word_1_20' title='bbox 1419 752 1614 838; x_wconf 81' lang='lat' dir='ltr'>regulariter</span> 
     </span>
     <span class='ocr_line' id='line_1_4' title="bbox 425 858 1612 946; baseline 0 -20"><span class='ocrx_word' id='word_1_21' title='bbox 425 868 543 945; x_wconf 75' lang='lat' dir='ltr'><strong>potest,</strong></span> <span class='ocrx_word' id='word_1_22' title='bbox 560 861 668 946; x_wconf 80' lang='lat' dir='ltr'>explet</span> <span class='ocrx_word' id='word_1_23' title='bbox 686 860 772 927; x_wconf 90' lang='lat' dir='ltr'><strong>illue.</strong></span> <span class='ocrx_word' id='word_1_24' title='bbox 809 858 845 925; x_wconf 90' lang='lat' dir='ltr'><strong>Si</strong></span> <span class='ocrx_word' id='word_1_25' title='bbox 862 861 893 925; x_wconf 92' lang='lat' dir='ltr'><strong>ei</strong></span> <span class='ocrx_word' id='word_1_26' title='bbox 909 868 1023 945; x_wconf 84' lang='lat' dir='ltr'><strong>aptum</strong></span> <span class='ocrx_word' id='word_1_27' title='bbox 1039 860 1142 926; x_wconf 85' lang='lat' dir='ltr'><strong>risum</strong></span> <span class='ocrx_word' id='word_1_28' title='bbox 1159 859 1258 926; x_wconf 88' lang='lat' dir='ltr'><strong>suerit</strong></span> <span class='ocrx_word' id='word_1_29' title='bbox 1273 859 1388 926; x_wconf 90' lang='lat' dir='ltr'><strong>sedere</strong></span> <span class='ocrx_word' id='word_1_30' title='bbox 1405 860 1438 925; x_wconf 91' lang='lat' dir='ltr'><strong>in</strong></span> <span class='ocrx_word' id='word_1_31' title='bbox 1455 859 1612 943; x_wconf 88' lang='lat' dir='ltr'><strong>elaustro,</strong></span> 
     </span>
     <span class='ocr_line' id='line_1_5' title="bbox 424 965 1613 1052; baseline -0.001 -20"><span class='ocrx_word' id='word_1_32' title='bbox 424 966 529 1033; x_wconf 89' lang='lat' dir='ltr'><strong>licead</strong></span> <span class='ocrx_word' id='word_1_33' title='bbox 541 965 579 1051; x_wconf 78' lang='lat' dir='ltr'><strong>(l)</strong></span> <span class='ocrx_word' id='word_1_34' title='bbox 591 968 631 1047; x_wconf 87' lang='lat' dir='ltr'><strong>ei,</strong></span> <span class='ocrx_word' id='word_1_35' title='bbox 648 968 748 1033; x_wconf 88' lang='lat' dir='ltr'><strong>etiam</strong></span> <span class='ocrx_word' id='word_1_36' title='bbox 763 974 797 1033; x_wconf 89' lang='lat' dir='ltr'><strong>et</strong></span> <span class='ocrx_word' id='word_1_37' title='bbox 813 965 857 1031; x_wconf 89' lang='lat' dir='ltr'><strong>ad</strong></span> <span class='ocrx_word' id='word_1_38' title='bbox 873 966 1054 1052; x_wconf 90' lang='lat' dir='ltr'><strong>capitulum</strong></span> <span class='ocrx_word' id='word_1_39' title='bbox 1074 974 1173 1051; x_wconf 89' lang='lat' dir='ltr'><strong>atque</strong></span> <span class='ocrx_word' id='word_1_40' title='bbox 1189 965 1400 1032; x_wconf 87' lang='lat' dir='ltr'><strong>collationem</strong></span> <span class='ocrx_word' id='word_1_41' title='bbox 1417 966 1537 1049; x_wconf 80' lang='lat' dir='ltr'><strong>venire,</strong></span> <span class='ocrx_word' id='word_1_42' title='bbox 1553 987 1613 1051; x_wconf 87' lang='lat' dir='ltr'><strong>per</strong></span> 
     </span>
     <span class='ocr_line' id='line_1_6' title="bbox 426 1070 1612 1158; baseline 0.001 -20"><span class='ocrx_word' id='word_1_43' title='bbox 426 1096 517 1139; x_wconf 90' lang='lat' dir='ltr'><strong>usum</strong></span> <span class='ocrx_word' id='word_1_44' title='bbox 548 1082 658 1139; x_wconf 88' lang='lat' dir='ltr'><strong>tamen</strong></span> <span class='ocrx_word' id='word_1_45' title='bbox 682 1095 747 1139; x_wconf 91' lang='lat' dir='ltr'><strong>nen</strong></span> <span class='ocrx_word' id='word_1_46' title='bbox 771 1073 954 1158; x_wconf 76' lang='lat' dir='ltr'><strong>exquiritur</strong></span> <span class='ocrx_word' id='word_1_47' title='bbox 975 1072 1017 1137; x_wconf 86' lang='lat' dir='ltr'><strong>ab</strong></span> <span class='ocrx_word' id='word_1_48' title='bbox 1040 1073 1115 1152; x_wconf 87' lang='lat' dir='ltr'><strong>illo,</strong></span> <span class='ocrx_word' id='word_1_49' title='bbox 1146 1072 1173 1138; x_wconf 92' lang='lat' dir='ltr'><strong>si</strong></span> <span class='ocrx_word' id='word_1_50' title='bbox 1196 1070 1347 1138; x_wconf 88' lang='lat' dir='ltr'><strong>desuerit.</strong></span> <span class='ocrx_word' id='word_1_51' title='bbox 1394 1071 1518 1140; x_wconf 84' lang='lat' dir='ltr'><strong>Verum</strong></span> <span class='ocrx_word' id='word_1_52' title='bbox 1542 1073 1612 1157; x_wconf 87' lang='lat' dir='ltr'><strong>ipse</strong></span> 
     </span>
     <span class='ocr_line' id='line_1_7' title="bbox 425 1178 1614 1268; baseline 0.001 -23"><span class='ocrx_word' id='word_1_53' title='bbox 425 1201 458 1245; x_wconf 87' lang='lat' dir='ltr'><strong>se</strong></span> <span class='ocrx_word' id='word_1_54' title='bbox 481 1181 657 1265; x_wconf 85' lang='lat' dir='ltr'><strong>prospitiat</strong></span> <span class='ocrx_word' id='word_1_55' title='bbox 680 1180 833 1265; x_wconf 89' lang='lat' dir='ltr'><strong>undique,</strong></span> <span class='ocrx_word' id='word_1_56' title='bbox 865 1179 941 1268; x_wconf 70' lang='lat' dir='ltr'><strong>«piria</strong></span> <span class='ocrx_word' id='word_1_57' title='bbox 966 1178 1007 1245; x_wconf 90' lang='lat' dir='ltr'><strong>de</strong></span> <span class='ocrx_word' id='word_1_58' title='bbox 1031 1178 1180 1245; x_wconf 90' lang='lat' dir='ltr'><strong>omnibus</strong></span> <span class='ocrx_word' id='word_1_59' title='bbox 1203 1178 1308 1258; x_wconf 88' lang='lat' dir='ltr'><strong>benis,</strong></span> <span class='ocrx_word' id='word_1_60' title='bbox 1332 1200 1417 1264; x_wconf 87' lang='lat' dir='ltr'><strong>quae</strong></span> <span class='ocrx_word' id='word_1_61' title='bbox 1440 1200 1614 1264; x_wconf 88' lang='lat' dir='ltr'><strong>possumus</strong></span> 
     </span>
     <span class='ocr_line' id='line_1_8' title="bbox 425 1285 1612 1372; baseline -0.002 -20"><span class='ocrx_word' id='word_1_62' title='bbox 425 1286 613 1372; x_wconf 88' lang='lat' dir='ltr'><strong>adimplere,</strong></span> <span class='ocrx_word' id='word_1_63' title='bbox 638 1295 672 1352; x_wconf 90' lang='lat' dir='ltr'><strong>et</strong></span> <span class='ocrx_word' id='word_1_64' title='bbox 687 1308 752 1352; x_wconf 92' lang='lat' dir='ltr'><strong>nou</strong></span> <span class='ocrx_word' id='word_1_65' title='bbox 767 1286 915 1368; x_wconf 70' lang='lat' dir='ltr'><strong>sancimus,</strong></span> <span class='ocrx_word' id='word_1_66' title='bbox 939 1287 1001 1353; x_wconf 89' lang='lat' dir='ltr'><strong>deo</strong></span> <span class='ocrx_word' id='word_1_67' title='bbox 1017 1288 1176 1353; x_wconf 89' lang='lat' dir='ltr'><strong>rationem</strong></span> <span class='ocrx_word' id='word_1_68' title='bbox 1192 1285 1352 1352; x_wconf 82' lang='lat' dir='ltr'><strong>reddituri</strong></span> <span class='ocrx_word' id='word_1_69' title='bbox 1368 1307 1490 1367; x_wconf 79' lang='lat' dir='ltr'><strong>surmus,</strong></span> <span class='ocrx_word' id='word_1_70' title='bbox 1512 1286 1612 1351; x_wconf 82' lang='lat' dir='ltr'><strong>etiarn</strong></span> 
     </span>
     <span class='ocr_line' id='line_1_9' title="bbox 424 1391 1613 1479; baseline -0.001 -20"><span class='ocrx_word' id='word_1_71' title='bbox 424 1393 750 1478; x_wconf 79' lang='lat' dir='ltr'><strong>excogitationibus,</strong></span> <span class='ocrx_word' id='word_1_72' title='bbox 781 1400 905 1479; x_wconf 87' lang='lat' dir='ltr'><strong>quante</strong></span> <span class='ocrx_word' id='word_1_73' title='bbox 929 1393 1032 1477; x_wconf 89' lang='lat' dir='ltr'><strong>magis</strong></span> <span class='ocrx_word' id='word_1_74' title='bbox 1055 1392 1163 1459; x_wconf 71' lang='lat' dir='ltr'><strong>latetis.</strong></span> <span class='ocrx_word' id='word_1_75' title='bbox 1209 1391 1327 1459; x_wconf 82' lang='lat' dir='ltr'><strong>Claudi</strong></span> <span class='ocrx_word' id='word_1_76' title='bbox 1352 1392 1402 1460; x_wconf 79' lang='lat' dir='ltr'><strong>sel</strong></span> <span class='ocrx_word' id='word_1_77' title='bbox 1425 1414 1531 1474; x_wconf 85' lang='lat' dir='ltr'><strong>senes,</strong></span> <span class='ocrx_word' id='word_1_78' title='bbox 1556 1394 1613 1479; x_wconf 90' lang='lat' dir='ltr'><strong>qui</strong></span> 
     </span>
     <span class='ocr_line' id='line_1_10' title="bbox 423 1499 1613 1586; baseline 0 -20"><span class='ocrx_word' id='word_1_79' title='bbox 423 1501 636 1567; x_wconf 80' lang='lat' dir='ltr'><strong>inhonestant</strong></span> <span class='ocrx_word' id='word_1_80' title='bbox 675 1508 870 1566; x_wconf 72' lang='lat' dir='ltr'><strong>conuentum</strong></span> <span class='ocrx_word' id='word_1_81' title='bbox 906 1508 964 1566; x_wconf 90' lang='lat' dir='ltr'><strong>aut</strong></span> <span class='ocrx_word' id='word_1_82' title='bbox 999 1500 1124 1567; x_wconf 81' lang='lat' dir='ltr'><strong>debiles</strong></span> <span class='ocrx_word' id='word_1_83' title='bbox 1159 1509 1255 1582; x_wconf 89' lang='lat' dir='ltr'><strong>sunt,</strong></span> <span class='ocrx_word' id='word_1_84' title='bbox 1295 1500 1328 1565; x_wconf 81' lang='lat' dir='ltr'><strong>iu</strong></span> <span class='ocrx_word' id='word_1_85' title='bbox 1367 1501 1449 1586; x_wconf 90' lang='lat' dir='ltr'><strong>ipsis</strong></span> <span class='ocrx_word' id='word_1_86' title='bbox 1487 1499 1613 1566; x_wconf 89' lang='lat' dir='ltr'><strong>cellulis</strong></span> 
     </span>
     <span class='ocr_line' id='line_1_11' title="bbox 424 1605 1611 1693; baseline 0 -21"><span class='ocrx_word' id='word_1_87' title='bbox 424 1616 593 1689; x_wconf 88' lang='lat' dir='ltr'><strong>maneant,</strong></span> <span class='ocrx_word' id='word_1_88' title='bbox 625 1606 807 1689; x_wconf 89' lang='lat' dir='ltr'><strong>dormiant,</strong></span> <span class='ocrx_word' id='word_1_89' title='bbox 838 1606 949 1685; x_wconf 88' lang='lat' dir='ltr'><strong>edant,</strong></span> <span class='ocrx_word' id='word_1_90' title='bbox 980 1615 1080 1693; x_wconf 89' lang='lat' dir='ltr'><strong>atque</strong></span> <span class='ocrx_word' id='word_1_91' title='bbox 1104 1628 1187 1693; x_wconf 89' lang='lat' dir='ltr'><strong>epus</strong></span> <span class='ocrx_word' id='word_1_92' title='bbox 1211 1605 1263 1672; x_wconf 87' lang='lat' dir='ltr'><strong>dei</strong></span> <span class='ocrx_word' id='word_1_93' title='bbox 1288 1605 1434 1691; x_wconf 88' lang='lat' dir='ltr'><strong>audiant,</strong></span> <span class='ocrx_word' id='word_1_94' title='bbox 1466 1615 1499 1673; x_wconf 90' lang='lat' dir='ltr'><strong>et</strong></span> <span class='ocrx_word' id='word_1_95' title='bbox 1522 1607 1611 1693; x_wconf 91' lang='lat' dir='ltr'><strong>quie·</strong></span> 
     </span>
     <span class='ocr_line' id='line_1_12' title="bbox 424 1712 1612 1800; baseline 0.002 -23"><span class='ocrx_word' id='word_1_96' title='bbox 424 1715 495 1799; x_wconf 91' lang='lat' dir='ltr'><strong>quit</strong></span> <span class='ocrx_word' id='word_1_97' title='bbox 524 1715 573 1780; x_wconf 86' lang='lat' dir='ltr'><strong>eis</strong></span> <span class='ocrx_word' id='word_1_98' title='bbox 602 1736 685 1800; x_wconf 87' lang='lat' dir='ltr'><strong>opus</strong></span> <span class='ocrx_word' id='word_1_99' title='bbox 716 1713 833 1796; x_wconf 85' lang='lat' dir='ltr'><strong>luerit,</strong></span> <span class='ocrx_word' id='word_1_100' title='bbox 869 1713 914 1779; x_wconf 90' lang='lat' dir='ltr'><strong>ibi</strong></span> <span class='ocrx_word' id='word_1_101' title='bbox 946 1720 1055 1799; x_wconf 87' lang='lat' dir='ltr'><strong>agant.</strong></span> <span class='ocrx_word' id='word_1_102' title='bbox 1106 1713 1230 1780; x_wconf 84' lang='lat' dir='ltr'><strong>Frater</strong></span> <span class='ocrx_word' id='word_1_103' title='bbox 1258 1713 1388 1780; x_wconf 81' lang='lat' dir='ltr'><strong>illarum</strong></span> <span class='ocrx_word' id='word_1_104' title='bbox 1419 1712 1612 1780; x_wconf 82' lang='lat' dir='ltr'><strong>cellularum</strong></span> 
     </span>
     <span class='ocr_line' id='line_1_13' title="bbox 425 1820 1612 1907; baseline 0 -21"><span class='ocrx_word' id='word_1_105' title='bbox 425 1821 571 1907; x_wconf 82' lang='lat' dir='ltr'><strong>provisor</strong></span> <span class='ocrx_word' id='word_1_106' title='bbox 600 1843 674 1886; x_wconf 86' lang='lat' dir='ltr'><strong>eum</strong></span> <span class='ocrx_word' id='word_1_107' title='bbox 698 1821 764 1886; x_wconf 87' lang='lat' dir='ltr'><strong>suis</strong></span> <span class='ocrx_word' id='word_1_108' title='bbox 789 1820 922 1886; x_wconf 78' lang='lat' dir='ltr'><strong>tumulis</strong></span> <span class='ocrx_word' id='word_1_109' title='bbox 945 1842 1056 1887; x_wconf 86' lang='lat' dir='ltr'><strong>curam</strong></span> <span class='ocrx_word' id='word_1_110' title='bbox 1081 1843 1180 1906; x_wconf 87' lang='lat' dir='ltr'><strong>super</strong></span> <span class='ocrx_word' id='word_1_111' title='bbox 1202 1842 1259 1887; x_wconf 88' lang='lat' dir='ltr'><strong>eus</strong></span> <span class='ocrx_word' id='word_1_112' title='bbox 1282 1820 1323 1887; x_wconf 91' lang='lat' dir='ltr'><strong>de</strong></span> <span class='ocrx_word' id='word_1_113' title='bbox 1347 1820 1498 1887; x_wconf 84' lang='lat' dir='ltr'><strong>orunilms</strong></span> <span class='ocrx_word' id='word_1_114' title='bbox 1521 1842 1612 1887; x_wconf 81' lang='lat' dir='ltr'><strong>exer·</strong></span> 
     </span>
     <span class='ocr_line' id='line_1_14' title="bbox 424 1926 1259 2014; baseline 0.001 -21"><span class='ocrx_word' id='word_1_115' title='bbox 424 1934 520 1995; x_wconf 83' lang='lat' dir='ltr'><strong>ceant</strong></span> <span class='ocrx_word' id='word_1_116' title='bbox 542 1950 626 2014; x_wconf 89' lang='lat' dir='ltr'><strong>quae</strong></span> <span class='ocrx_word' id='word_1_117' title='bbox 649 1928 715 1994; x_wconf 89' lang='lat' dir='ltr'><strong>illis</strong></span> <span class='ocrx_word' id='word_1_118' title='bbox 738 1950 822 2014; x_wconf 89' lang='lat' dir='ltr'><strong>opus</strong></span> <span class='ocrx_word' id='word_1_119' title='bbox 845 1934 906 2010; x_wconf 77' lang='lat' dir='ltr'><strong>est,</strong></span> <span class='ocrx_word' id='word_1_120' title='bbox 930 1935 968 1993; x_wconf 92' lang='lat' dir='ltr'><strong>ut</strong></span> <span class='ocrx_word' id='word_1_121' title='bbox 991 1949 1057 1995; x_wconf 86' lang='lat' dir='ltr'><strong>non</strong></span> <span class='ocrx_word' id='word_1_122' title='bbox 1080 1926 1259 2012; x_wconf 73' lang='lat' dir='ltr'><strong>indigeant</strong></span> 
     </span>
    </p>
   </div>
   <div class='ocr_carea' id='block_1_3' title="bbox 452 2155 1594 2361">
    <p class='ocr_par' dir='ltr' id='par_1_3' title="bbox 452 2155 1594 2361">
     <span class='ocr_line' id='line_1_15' title="bbox 452 2155 1594 2253; baseline 0.004 -25"><span class='ocrx_word' id='word_1_123' title='bbox 452 2156 615 2246; x_wconf 87' lang='lat' dir='ltr'><strong>Qualiter</strong></span> <span class='ocrx_word' id='word_1_124' title='bbox 643 2155 827 2252; x_wconf 83' lang='lat' dir='ltr'><strong>agendum</strong></span> <span class='ocrx_word' id='word_1_125' title='bbox 856 2165 922 2249; x_wconf 87' lang='lat' dir='ltr'><strong>est,</strong></span> <span class='ocrx_word' id='word_1_126' title='bbox 951 2155 1098 2253; x_wconf 86' lang='lat' dir='ltr'><strong>quande</strong></span> <span class='ocrx_word' id='word_1_127' title='bbox 1127 2155 1329 2253; x_wconf 86' lang='lat' dir='ltr'><strong>ingreditur</strong></span> <span class='ocrx_word' id='word_1_128' title='bbox 1357 2155 1594 2253; x_wconf 87' lang='lat' dir='ltr'><strong>congregatio</strong></span> 
     </span>
     <span class='ocr_line' id='line_1_16' title="bbox 638 2279 1400 2361; baseline -0.001 -7"><span class='ocrx_word' id='word_1_129' title='bbox 638 2281 676 2355; x_wconf 89' lang='lat' dir='ltr'><strong>iu</strong></span> <span class='ocrx_word' id='word_1_130' title='bbox 705 2281 853 2354; x_wconf 88' lang='lat' dir='ltr'><strong>demum</strong></span> <span class='ocrx_word' id='word_1_131' title='bbox 882 2280 929 2355; x_wconf 85' lang='lat' dir='ltr'><strong>ud</strong></span> <span class='ocrx_word' id='word_1_132' title='bbox 960 2279 1179 2355; x_wconf 81' lang='lat' dir='ltr'><strong>visitandum</strong></span> <span class='ocrx_word' id='word_1_133' title='bbox 1208 2280 1400 2361; x_wconf 82' lang='lat' dir='ltr'><strong>infirmum.</strong></span> 
     </span>
    </p>
   </div>
   <div class='ocr_carea' id='block_1_4' title="bbox 512 2463 1741 2550">
    <p class='ocr_par' dir='ltr' id='par_1_4' title="bbox 512 2463 1741 2550">
     <span class='ocr_line' id='line_1_17' title="bbox 512 2463 1741 2550; baseline 0.001 -19"><span class='ocrx_word' id='word_1_134' title='bbox 512 2464 605 2535; x_wconf 83' lang='lat' dir='ltr'><strong>LIV.</strong></span> <span class='ocrx_word' id='word_1_135' title='bbox 623 2465 722 2530; x_wconf 88' lang='lat' dir='ltr'><strong>Prior</strong></span> <span class='ocrx_word' id='word_1_136' title='bbox 734 2487 874 2550; x_wconf 90' lang='lat' dir='ltr'><strong>namque</strong></span> <span class='ocrx_word' id='word_1_137' title='bbox 885 2473 962 2531; x_wconf 89' lang='lat' dir='ltr'><strong>ante</strong></span> <span class='ocrx_word' id='word_1_138' title='bbox 975 2464 1153 2550; x_wconf 88' lang='lat' dir='ltr'><strong>capitulum</strong></span> <span class='ocrx_word' id='word_1_139' title='bbox 1166 2465 1317 2550; x_wconf 86' lang='lat' dir='ltr'><strong>inspiciat</strong></span> <span class='ocrx_word' id='word_1_140' title='bbox 1329 2463 1612 2550; x_wconf 67' lang='lat' dir='ltr'><strong>ipsum&#39;iufirmum</strong></span> <span class='ocrx_word' id='word_1_141' title='bbox 1738 2512 1741 2518; x_wconf 88' lang='lat'><em>-</em></span> 
     </span>
    </p>
   </div>
   <div class='ocr_carea' id='block_1_5' title="bbox 423 2570 1647 3306">
    <p class='ocr_par' dir='ltr' id='par_1_5' title="bbox 423 2570 1647 3306">
     <span class='ocr_line' id='line_1_18' title="bbox 424 2570 1613 2657; baseline 0.001 -19"><span class='ocrx_word' id='word_1_142' title='bbox 424 2579 458 2638; x_wconf 88' lang='lat' dir='ltr'><strong>et</strong></span> <span class='ocrx_word' id='word_1_143' title='bbox 480 2573 660 2657; x_wconf 90' lang='lat' dir='ltr'><strong>interroget</strong></span> <span class='ocrx_word' id='word_1_144' title='bbox 684 2573 711 2638; x_wconf 88' lang='lat' dir='ltr'><strong>si</strong></span> <span class='ocrx_word' id='word_1_145' title='bbox 735 2571 815 2637; x_wconf 77' lang='lat' dir='ltr'><strong>uelit</strong></span> <span class='ocrx_word' id='word_1_146' title='bbox 837 2572 987 2656; x_wconf 87' lang='lat' dir='ltr'><strong>accipere</strong></span> <span class='ocrx_word' id='word_1_147' title='bbox 1003 2593 1121 2657; x_wconf 87' lang='lat' dir='ltr'><strong>eorpus</strong></span> <span class='ocrx_word' id='word_1_148' title='bbox 1137 2570 1260 2637; x_wconf 90' lang='lat' dir='ltr'><strong>domini</strong></span> <span class='ocrx_word' id='word_1_149' title='bbox 1276 2579 1335 2638; x_wconf 88' lang='lat' dir='ltr'><strong>aut</strong></span> <span class='ocrx_word' id='word_1_150' title='bbox 1350 2594 1391 2638; x_wconf 82' lang='lat' dir='ltr'><strong>ex</strong></span> <span class='ocrx_word' id='word_1_151' title='bbox 1407 2571 1480 2639; x_wconf 88' lang='lat' dir='ltr'><strong>oleo</strong></span> <span class='ocrx_word' id='word_1_152' title='bbox 1495 2580 1613 2640; x_wconf 88' lang='lat' dir='ltr'><strong>sancto</strong></span> 
     </span>
     <span class='ocr_line' id='line_1_19' title="bbox 423 2676 1613 2766; baseline 0.002 -21"><span class='ocrx_word' id='word_1_153' title='bbox 423 2679 593 2766; x_wconf 75' lang='lat' dir='ltr'><strong>ungeritl)</strong></span> <span class='ocrx_word' id='word_1_154' title='bbox 638 2676 733 2745; x_wconf 74' lang='lat' dir='ltr'><strong>&#39;l&#39;unc</strong></span> <span class='ocrx_word' id='word_1_155' title='bbox 755 2678 902 2745; x_wconf 89' lang='lat' dir='ltr'><strong>infirmus</strong></span> <span class='ocrx_word' id='word_1_156' title='bbox 925 2677 1105 2764; x_wconf 81' lang='lat' dir='ltr'><strong>patefaciat</strong></span> <span class='ocrx_word' id='word_1_157' title='bbox 1129 2701 1222 2746; x_wconf 81' lang='lat' dir='ltr'><strong>suain</strong></span> <span class='ocrx_word' id='word_1_158' title='bbox 1245 2677 1456 2763; x_wconf 80' lang='lat' dir='ltr'><strong>veluntatem,</strong></span> <span class='ocrx_word' id='word_1_159' title='bbox 1480 2686 1514 2747; x_wconf 94' lang='lat' dir='ltr'><strong>et</strong></span> <span class='ocrx_word' id='word_1_160' title='bbox 1537 2702 1613 2747; x_wconf 89' lang='lat' dir='ltr'><strong>eon·</strong></span> 
     </span>
     <span class='ocr_line' id='line_1_20' title="bbox 424 2785 1613 2873; baseline 0.001 -20"><span class='ocrx_word' id='word_1_161' title='bbox 424 2788 599 2855; x_wconf 81' lang='lat' dir='ltr'><strong>sessionem</strong></span> <span class='ocrx_word' id='word_1_162' title='bbox 632 2795 711 2871; x_wconf 86' lang='lat' dir='ltr'><strong>agat</strong></span> <span class='ocrx_word' id='word_1_163' title='bbox 744 2809 819 2853; x_wconf 89' lang='lat' dir='ltr'><strong>cum</strong></span> <span class='ocrx_word' id='word_1_164' title='bbox 854 2785 992 2869; x_wconf 87' lang='lat' dir='ltr'><strong>abbate,</strong></span> <span class='ocrx_word' id='word_1_165' title='bbox 1026 2786 1077 2853; x_wconf 84' lang='lat' dir='ltr'><strong>vel</strong></span> <span class='ocrx_word' id='word_1_166' title='bbox 1105 2787 1225 2872; x_wconf 90' lang='lat' dir='ltr'><strong>priore.</strong></span> <span class='ocrx_word' id='word_1_167' title='bbox 1272 2785 1436 2854; x_wconf 85' lang='lat' dir='ltr'><strong>Veniente</strong></span> <span class='ocrx_word' id='word_1_168' title='bbox 1466 2786 1613 2873; x_wconf 88' lang='lat' dir='ltr'><strong>capitulo</strong></span> 
     </span>
     <span class='ocr_line' id='line_1_21' title="bbox 423 2892 1613 2980; baseline -0.001 -19"><span class='ocrx_word' id='word_1_169' title='bbox 423 2902 499 2980; x_wconf 86' lang='lat' dir='ltr'><strong>post</strong></span> <span class='ocrx_word' id='word_1_170' title='bbox 521 2916 705 2961; x_wconf 87' lang='lat' dir='ltr'><strong>sermonem</strong></span> <span class='ocrx_word' id='word_1_171' title='bbox 728 2893 852 2961; x_wconf 87' lang='lat' dir='ltr'><strong>lactum</strong></span> <span class='ocrx_word' id='word_1_172' title='bbox 877 2892 1033 2960; x_wconf 80' lang='lat' dir='ltr'><strong>studeant</strong></span> <span class='ocrx_word' id='word_1_173' title='bbox 1055 2893 1201 2960; x_wconf 90' lang='lat' dir='ltr'><strong>indicare</strong></span> <span class='ocrx_word' id='word_1_174' title='bbox 1224 2893 1468 2980; x_wconf 75' lang='lat' dir='ltr'><strong>congregationi</strong></span> <span class='ocrx_word' id='word_1_175' title='bbox 1490 2893 1613 2960; x_wconf 82' lang='lat' dir='ltr'><strong>infirmi</strong></span> 
     </span>
     <span class='ocr_line' id='line_1_22' title="bbox 425 2993 1614 3086; baseline -0.001 -19"><span class='ocrx_word' id='word_1_176' title='bbox 425 2993 640 3084; x_wconf 83' lang='lat' dir='ltr'><strong>desiderium,</strong></span> <span class='ocrx_word' id='word_1_177' title='bbox 671 3000 811 3086; x_wconf 89' lang='lat' dir='ltr'><strong>denique</strong></span> <span class='ocrx_word' id='word_1_178' title='bbox 839 3000 934 3067; x_wconf 89' lang='lat' dir='ltr'><strong>nobis</strong></span> <span class='ocrx_word' id='word_1_179' title='bbox 962 3008 1089 3067; x_wconf 89' lang='lat' dir='ltr'><strong>rectum</strong></span> <span class='ocrx_word' id='word_1_180' title='bbox 1112 3000 1258 3084; x_wconf 80' lang='lat' dir='ltr'><strong>ridetur,</strong></span> <span class='ocrx_word' id='word_1_181' title='bbox 1288 3008 1325 3067; x_wconf 95' lang='lat' dir='ltr'><strong>ut</strong></span> <span class='ocrx_word' id='word_1_182' title='bbox 1347 3022 1461 3068; x_wconf 88' lang='lat' dir='ltr'><strong>eamus</strong></span> <span class='ocrx_word' id='word_1_183' title='bbox 1483 3000 1614 3066; x_wconf 83' lang='lat' dir='ltr'><strong>insimul</strong></span> 
     </span>
     <span class='ocr_line' id='line_1_23' title="bbox 424 3106 1612 3194; baseline 0 -20"><span class='ocrx_word' id='word_1_184' title='bbox 424 3108 532 3193; x_wconf 58' lang='lat' dir='ltr'><strong>galia</strong></span> <span class='ocrx_word' id='word_1_185' title='bbox 561 3107 732 3174; x_wconf 83' lang='lat' dir='ltr'><strong>invisendi.</strong></span> <span class='ocrx_word' id='word_1_186' title='bbox 780 3106 998 3192; x_wconf 72' lang='lat' dir='ltr'><strong>congregatio</strong></span> <span class='ocrx_word' id='word_1_187' title='bbox 1027 3109 1139 3194; x_wconf 86' lang='lat' dir='ltr'><strong>itaque</strong></span> <span class='ocrx_word' id='word_1_188' title='bbox 1174 3128 1215 3174; x_wconf 85' lang='lat' dir='ltr'><strong>ex</strong></span> <span class='ocrx_word' id='word_1_189' title='bbox 1248 3130 1313 3175; x_wconf 90' lang='lat' dir='ltr'><strong>une</strong></span> <span class='ocrx_word' id='word_1_190' title='bbox 1348 3106 1469 3174; x_wconf 85' lang='lat' dir='ltr'><strong>affeetu</strong></span> <span class='ocrx_word' id='word_1_191' title='bbox 1500 3116 1533 3173; x_wconf 88' lang='lat' dir='ltr'><strong>et</strong></span> <span class='ocrx_word' id='word_1_192' title='bbox 1564 3106 1612 3174; x_wconf 91' lang='lat' dir='ltr'><strong>di·</strong></span> 
     </span>
     <span class='ocr_line' id='line_1_24' title="bbox 424 3212 1647 3306; baseline 0.001 -27"><span class='ocrx_word' id='word_1_193' title='bbox 424 3213 563 3282; x_wconf 85' lang='lat' dir='ltr'><strong>lectione</strong></span> <span class='ocrx_word' id='word_1_194' title='bbox 586 3212 613 3304; x_wconf 93' lang='lat'><strong>][</strong></span> <span class='ocrx_word' id='word_1_195' title='bbox 636 3213 852 3299; x_wconf 85' lang='lat' dir='ltr'><strong>respondeat:</strong></span> <span class='ocrx_word' id='word_1_196' title='bbox 877 3215 1058 3299; x_wconf 87' lang='lat' dir='ltr'><strong>Postquam</strong></span> <span class='ocrx_word' id='word_1_197' title='bbox 1082 3222 1192 3282; x_wconf 81' lang='lat' dir='ltr'><strong>vestra</strong></span> <span class='ocrx_word' id='word_1_198' title='bbox 1215 3214 1366 3281; x_wconf 78' lang='lat' dir='ltr'><strong>veluntas</strong></span> <span class='ocrx_word' id='word_1_199' title='bbox 1390 3222 1450 3299; x_wconf 83' lang='lat' dir='ltr'><strong>est,</strong></span> <span class='ocrx_word' id='word_1_200' title='bbox 1473 3236 1495 3281; x_wconf 86' lang='lat' dir='ltr'><strong>a</strong></span> <span class='ocrx_word' id='word_1_201' title='bbox 1517 3213 1613 3281; x_wconf 88' lang='lat' dir='ltr'><strong>nobis</strong></span> <span class='ocrx_word' id='word_1_202' title='bbox 1646 3303 1647 3306; x_wconf 8' lang='grc' dir='ltr'><strong>Ἴ</strong></span> 
     </span>
    </p>
   </div>
   <div class='ocr_carea' id='block_1_6' title="bbox 313 3320 1666 3407">
    <p class='ocr_par' dir='ltr' id='par_1_6' title="bbox 313 3320 1666 3407">
     <span class='ocr_line' id='line_1_25' title="bbox 313 3320 1666 3407; baseline -0.001 -18"><span class='ocrx_word' id='word_1_203' title='bbox 313 3329 315 3332; x_wconf 81' lang='grc'><strong>’</strong></span> <span class='ocrx_word' id='word_1_204' title='bbox 424 3344 497 3389; x_wconf 88' lang='lat' dir='ltr'><strong>eum</strong></span> <span class='ocrx_word' id='word_1_205' title='bbox 526 3322 708 3407; x_wconf 83' lang='lat' dir='ltr'><strong>gratiarum</strong></span> <span class='ocrx_word' id='word_1_206' title='bbox 738 3322 868 3388; x_wconf 87' lang='lat' dir='ltr'><strong>actione</strong></span> <span class='ocrx_word' id='word_1_207' title='bbox 898 3322 960 3388; x_wconf 90' lang='lat' dir='ltr'><strong>hec</strong></span> <span class='ocrx_word' id='word_1_208' title='bbox 984 3322 1080 3406; x_wconf 86' lang='lat' dir='ltr'><strong>jussa</strong></span> <span class='ocrx_word' id='word_1_209' title='bbox 1109 3344 1150 3388; x_wconf 81' lang='lat' dir='ltr'><strong>ex</strong></span> <span class='ocrx_word' id='word_1_210' title='bbox 1174 3320 1286 3388; x_wconf 85' lang='lat' dir='ltr'><strong>fratris</strong></span> <span class='ocrx_word' id='word_1_211' title='bbox 1310 3343 1423 3388; x_wconf 90' lang='lat' dir='ltr'><strong>amere</strong></span> <span class='ocrx_word' id='word_1_212' title='bbox 1445 3327 1480 3388; x_wconf 90' lang='lat' dir='ltr'><strong>et</strong></span> <span class='ocrx_word' id='word_1_213' title='bbox 1501 3329 1613 3388; x_wconf 81' lang='lat' dir='ltr'><strong>restra</strong></span> <span class='ocrx_word' id='word_1_214' title='bbox 1653 3324 1666 3358; x_wconf 84' lang='lat'><strong>·&#39;</strong></span> 
     </span>
    </p>
   </div>
   <div class='ocr_carea' id='block_1_7' title="bbox 423 3427 1618 4690">
    <p class='ocr_par' dir='ltr' id='par_1_7' title="bbox 423 3427 1030 3515">
     <span class='ocr_line' id='line_1_26' title="bbox 423 3427 1030 3515; baseline 0.003 -20"><span class='ocrx_word' id='word_1_215' title='bbox 423 3431 655 3515; x_wconf 83' lang='lat' dir='ltr'><strong>praeceptione</strong></span> <span class='ocrx_word' id='word_1_216' title='bbox 678 3427 819 3495; x_wconf 83' lang='lat' dir='ltr'><strong>libenter</strong></span> <span class='ocrx_word' id='word_1_217' title='bbox 841 3429 1030 3514; x_wconf 82' lang='lat' dir='ltr'><strong>excipimus.</strong></span> 
     </span>
    </p>

    <p class='ocr_par' dir='ltr' id='par_1_8' title="bbox 424 3535 1618 4690">
     <span class='ocr_line' id='line_1_27' title="bbox 514 3535 1613 3621; baseline -0.001 -17"><span class='ocrx_word' id='word_1_218' title='bbox 514 3535 694 3621; x_wconf 84' lang='lat' dir='ltr'><strong>Surgentes</strong></span> <span class='ocrx_word' id='word_1_219' title='bbox 709 3558 728 3603; x_wconf 89' lang='lat' dir='ltr'><strong>e</strong></span> <span class='ocrx_word' id='word_1_220' title='bbox 743 3537 889 3621; x_wconf 86' lang='lat' dir='ltr'><strong>capitulo</strong></span> <span class='ocrx_word' id='word_1_221' title='bbox 901 3545 978 3603; x_wconf 87' lang='lat' dir='ltr'><strong>cant</strong></span> <span class='ocrx_word' id='word_1_222' title='bbox 990 3537 1168 3604; x_wconf 88' lang='lat' dir='ltr'><strong>oratorium</strong></span> <span class='ocrx_word' id='word_1_223' title='bbox 1182 3545 1314 3603; x_wconf 87' lang='lat' dir='ltr'><strong>sanetae</strong></span> <span class='ocrx_word' id='word_1_224' title='bbox 1328 3537 1452 3604; x_wconf 84' lang='lat' dir='ltr'><strong>inariae</strong></span> <span class='ocrx_word' id='word_1_225' title='bbox 1463 3536 1613 3604; x_wconf 89' lang='lat' dir='ltr'><strong>canende</strong></span> 
     </span>
     <span class='ocr_line' id='line_1_28' title="bbox 424 3642 1614 3730; baseline 0 -21"><span class='ocrx_word' id='word_1_226' title='bbox 424 3643 566 3730; x_wconf 90' lang='lat' dir='ltr'><strong>quinque</strong></span> <span class='ocrx_word' id='word_1_227' title='bbox 588 3642 733 3729; x_wconf 84' lang='lat' dir='ltr'><strong>psalmos</strong></span> <span class='ocrx_word' id='word_1_228' title='bbox 756 3665 817 3728; x_wconf 91' lang='lat' dir='ltr'><strong>pro</strong></span> <span class='ocrx_word' id='word_1_229' title='bbox 838 3642 1010 3710; x_wconf 80' lang='lat' dir='ltr'><strong>defunctis,</strong></span> <span class='ocrx_word' id='word_1_230' title='bbox 1046 3644 1226 3726; x_wconf 81' lang='lat' dir='ltr'><strong>Exeuntes,</strong></span> <span class='ocrx_word' id='word_1_231' title='bbox 1249 3644 1340 3729; x_wconf 86' lang='lat' dir='ltr'><strong>prior</strong></span> <span class='ocrx_word' id='word_1_232' title='bbox 1355 3651 1451 3711; x_wconf 90' lang='lat' dir='ltr'><strong>sonet</strong></span> <span class='ocrx_word' id='word_1_233' title='bbox 1465 3643 1614 3710; x_wconf 87' lang='lat' dir='ltr'><strong>tabulam</strong></span> 
     </span>
     <span class='ocr_line' id='line_1_29' title="bbox 425 3749 1614 3837; baseline 0.002 -21"><span class='ocrx_word' id='word_1_234' title='bbox 425 3752 452 3816; x_wconf 89' lang='lat' dir='ltr'><strong>si</strong></span> <span class='ocrx_word' id='word_1_235' title='bbox 474 3759 604 3835; x_wconf 90' lang='lat' dir='ltr'><strong>tempus</strong></span> <span class='ocrx_word' id='word_1_236' title='bbox 634 3750 732 3816; x_wconf 85' lang='lat' dir='ltr'><strong>luerit</strong></span> <span class='ocrx_word' id='word_1_237' title='bbox 754 3749 911 3836; x_wconf 89' lang='lat' dir='ltr'><strong>loquendi</strong></span> <span class='ocrx_word' id='word_1_238' title='bbox 934 3752 968 3816; x_wconf 92' lang='lat' dir='ltr'><strong>in</strong></span> <span class='ocrx_word' id='word_1_239' title='bbox 991 3751 1136 3819; x_wconf 85' lang='lat' dir='ltr'><strong>claustro</strong></span> <span class='ocrx_word' id='word_1_240' title='bbox 1160 3750 1284 3837; x_wconf 88' lang='lat' dir='ltr'><strong>absque</strong></span> <span class='ocrx_word' id='word_1_241' title='bbox 1308 3751 1425 3818; x_wconf 90' lang='lat' dir='ltr'><strong>morali</strong></span> <span class='ocrx_word' id='word_1_242' title='bbox 1449 3750 1614 3836; x_wconf 86' lang='lat' dir='ltr'><strong>colloquio</strong></span> 
     </span>
     <span class='ocr_line' id='line_1_30' title="bbox 424 3856 1615 3944; baseline 0.002 -23"><span class='ocrx_word' id='word_1_243' title='bbox 424 3878 592 3944; x_wconf 81' lang='lat' dir='ltr'><strong>quousque</strong></span> <span class='ocrx_word' id='word_1_244' title='bbox 616 3879 657 3922; x_wconf 83' lang='lat' dir='ltr'><strong>ex</strong></span> <span class='ocrx_word' id='word_1_245' title='bbox 679 3856 735 3922; x_wconf 91' lang='lat' dir='ltr'><strong>illo</strong></span> <span class='ocrx_word' id='word_1_246' title='bbox 759 3856 927 3926; x_wconf 89' lang='lat' dir='ltr'><strong>redierint.</strong></span> <span class='ocrx_word' id='word_1_247' title='bbox 963 3857 1178 3925; x_wconf 86' lang='lat' dir='ltr'><strong>Venientibus</strong></span> <span class='ocrx_word' id='word_1_248' title='bbox 1201 3859 1235 3924; x_wconf 94' lang='lat' dir='ltr'><strong>in</strong></span> <span class='ocrx_word' id='word_1_249' title='bbox 1258 3858 1358 3925; x_wconf 88' lang='lat' dir='ltr'><strong>chore</strong></span> <span class='ocrx_word' id='word_1_250' title='bbox 1381 3866 1437 3924; x_wconf 87' lang='lat' dir='ltr'><strong>eat</strong></span> <span class='ocrx_word' id='word_1_251' title='bbox 1460 3856 1615 3926; x_wconf 86' lang='lat' dir='ltr'><strong>sacerdos</strong></span> 
     </span>
     <span class='ocr_line' id='line_1_31' title="bbox 424 3962 1615 4052; baseline 0.003 -23"><span class='ocrx_word' id='word_1_252' title='bbox 424 3963 561 4030; x_wconf 89' lang='lat' dir='ltr'><strong>inducre</strong></span> <span class='ocrx_word' id='word_1_253' title='bbox 584 3964 672 4046; x_wconf 82' lang='lat' dir='ltr'><strong>alba,</strong></span> <span class='ocrx_word' id='word_1_254' title='bbox 696 3971 730 4031; x_wconf 92' lang='lat' dir='ltr'><strong>et</strong></span> <span class='ocrx_word' id='word_1_255' title='bbox 754 3962 874 4029; x_wconf 88' lang='lat' dir='ltr'><strong>stolam</strong></span> <span class='ocrx_word' id='word_1_256' title='bbox 897 3973 1108 4049; x_wconf 88' lang='lat' dir='ltr'><strong>superponat.</strong></span> <span class='ocrx_word' id='word_1_257' title='bbox 1151 3963 1246 4031; x_wconf 82' lang='lat' dir='ltr'><strong>Tunc</strong></span> <span class='ocrx_word' id='word_1_258' title='bbox 1268 3966 1334 4032; x_wconf 86' lang='lat' dir='ltr'><strong>siut</strong></span> <span class='ocrx_word' id='word_1_259' title='bbox 1357 3972 1516 4052; x_wconf 89' lang='lat' dir='ltr'><strong>quattuor</strong></span> <span class='ocrx_word' id='word_1_260' title='bbox 1538 3986 1615 4032; x_wconf 88' lang='lat' dir='ltr'><strong>eon·</strong></span> 
     </span>
     <span class='ocr_line' id='line_1_32' title="bbox 424 4072 1615 4158; baseline 0.002 -22"><span class='ocrx_word' id='word_1_261' title='bbox 424 4072 520 4155; x_wconf 82' lang='lat' dir='ltr'><strong>versi,</strong></span> <span class='ocrx_word' id='word_1_262' title='bbox 556 4094 694 4158; x_wconf 87' lang='lat' dir='ltr'><strong>quorum</strong></span> <span class='ocrx_word' id='word_1_263' title='bbox 728 4093 814 4136; x_wconf 75' lang='lat' dir='ltr'><strong>iunius</strong></span> <span class='ocrx_word' id='word_1_264' title='bbox 845 4072 986 4156; x_wconf 88' lang='lat' dir='ltr'><strong>accipiat</strong></span> <span class='ocrx_word' id='word_1_265' title='bbox 1016 4094 1135 4158; x_wconf 85' lang='lat' dir='ltr'><strong>aquarn</strong></span> <span class='ocrx_word' id='word_1_266' title='bbox 1165 4079 1325 4154; x_wconf 85' lang='lat' dir='ltr'><strong>sanctam,</strong></span> <span class='ocrx_word' id='word_1_267' title='bbox 1359 4073 1445 4139; x_wconf 84' lang='lat' dir='ltr'><strong>alius</strong></span> <span class='ocrx_word' id='word_1_268' title='bbox 1474 4094 1615 4153; x_wconf 88' lang='lat' dir='ltr'><strong>crucem,</strong></span> 
     </span>
     <span class='ocr_line' id='line_1_33' title="bbox 425 4178 1616 4266; baseline 0.001 -22"><span class='ocrx_word' id='word_1_269' title='bbox 425 4179 541 4244; x_wconf 88' lang='lat' dir='ltr'><strong>tertius</strong></span> <span class='ocrx_word' id='word_1_270' title='bbox 565 4178 754 4261; x_wconf 87' lang='lat' dir='ltr'><strong>turibulum,</strong></span> <span class='ocrx_word' id='word_1_271' title='bbox 778 4178 1048 4263; x_wconf 79' lang='lat' dir='ltr'><strong>‹111a1·tusoleum</strong></span> <span class='ocrx_word' id='word_1_272' title='bbox 1071 4201 1212 4246; x_wconf 87' lang='lat' dir='ltr'><strong>sacrum.</strong></span> <span class='ocrx_word' id='word_1_273' title='bbox 1253 4178 1370 4245; x_wconf 83' lang='lat' dir='ltr'><strong>Abbas</strong></span> <span class='ocrx_word' id='word_1_274' title='bbox 1394 4200 1535 4266; x_wconf 88' lang='lat' dir='ltr'><strong>namque</strong></span> <span class='ocrx_word' id='word_1_275' title='bbox 1557 4180 1616 4245; x_wconf 91' lang='lat' dir='ltr'><strong>im·</strong></span> 
     </span>
     <span class='ocr_line' id='line_1_34' title="bbox 425 4284 1617 4372; baseline 0.004 -24"><span class='ocrx_word' id='word_1_276' title='bbox 425 4292 526 4369; x_wconf 89' lang='lat' dir='ltr'><strong>ponat</strong></span> <span class='ocrx_word' id='word_1_277' title='bbox 549 4284 722 4369; x_wconf 81' lang='lat' dir='ltr'><strong>psalmum,</strong></span> <span class='ocrx_word' id='word_1_278' title='bbox 746 4288 912 4352; x_wconf 76' lang='lat' dir='ltr'><strong>dlisrrrre</strong></span> <span class='ocrx_word' id='word_1_279' title='bbox 935 4289 999 4352; x_wconf 72' lang='lat' dir='ltr'><strong>terei</strong></span> <span class='ocrx_word' id='word_1_280' title='bbox 1019 4288 1122 4368; x_wconf 81' lang='lat' dir='ltr'><strong>Deus,</strong></span> <span class='ocrx_word' id='word_1_281' title='bbox 1147 4286 1258 4371; x_wconf 90' lang='lat' dir='ltr'><strong>sicque</strong></span> <span class='ocrx_word' id='word_1_282' title='bbox 1280 4308 1340 4372; x_wconf 88' lang='lat' dir='ltr'><strong>per</strong></span> <span class='ocrx_word' id='word_1_283' title='bbox 1363 4285 1513 4353; x_wconf 88' lang='lat' dir='ltr'><strong>ordinem</strong></span> <span class='ocrx_word' id='word_1_284' title='bbox 1528 4286 1617 4353; x_wconf 87' lang='lat' dir='ltr'><strong>inee-</strong></span> 
     </span>
     <span class='ocr_line' id='line_1_35' title="bbox 425 4390 1618 4479; baseline 0.002 -22"><span class='ocrx_word' id='word_1_285' title='bbox 425 4391 516 4460; x_wconf 89' lang='lat' dir='ltr'><strong>dant.</strong></span> <span class='ocrx_word' id='word_1_286' title='bbox 549 4390 592 4456; x_wconf 90' lang='lat' dir='ltr'><strong>In</strong></span> <span class='ocrx_word' id='word_1_287' title='bbox 608 4391 719 4476; x_wconf 75' lang='lat' dir='ltr'><strong>primis</strong></span> <span class='ocrx_word' id='word_1_288' title='bbox 736 4414 858 4477; x_wconf 88' lang='lat' dir='ltr'><strong>aquam</strong></span> <span class='ocrx_word' id='word_1_289' title='bbox 875 4400 1024 4459; x_wconf 85' lang='lat' dir='ltr'><strong>sanetum</strong></span> <span class='ocrx_word' id='word_1_290' title='bbox 1041 4401 1074 4458; x_wconf 91' lang='lat' dir='ltr'><strong>et</strong></span> <span class='ocrx_word' id='word_1_291' title='bbox 1090 4415 1218 4459; x_wconf 82' lang='lat' dir='ltr'><strong>cruemu</strong></span> <span class='ocrx_word' id='word_1_292' title='bbox 1234 4400 1269 4459; x_wconf 91' lang='lat' dir='ltr'><strong>et</strong></span> <span class='ocrx_word' id='word_1_293' title='bbox 1283 4400 1363 4460; x_wconf 90' lang='lat' dir='ltr'><strong>tuuc</strong></span> <span class='ocrx_word' id='word_1_294' title='bbox 1375 4392 1618 4479; x_wconf 87' lang='lat' dir='ltr'><strong>subsequantur</strong></span> 
     </span>
     <span class='ocr_line' id='line_1_36' title="bbox 425 4498 1617 4584; baseline 0.002 -22"><span class='ocrx_word' id='word_1_295' title='bbox 425 4498 593 4564; x_wconf 88' lang='lat' dir='ltr'><strong>incensum</strong></span> <span class='ocrx_word' id='word_1_296' title='bbox 617 4506 716 4580; x_wconf 81' lang='lat' dir='ltr'><strong>atque</strong></span> <span class='ocrx_word' id='word_1_297' title='bbox 739 4520 798 4563; x_wconf 80' lang='lat' dir='ltr'><strong>ras</strong></span> <span class='ocrx_word' id='word_1_298' title='bbox 822 4522 895 4564; x_wconf 81' lang='lat' dir='ltr'><strong>cunr</strong></span> <span class='ocrx_word' id='word_1_299' title='bbox 919 4499 1001 4566; x_wconf 90' lang='lat' dir='ltr'><strong>elce.</strong></span> <span class='ocrx_word' id='word_1_300' title='bbox 1038 4498 1168 4566; x_wconf 89' lang='lat' dir='ltr'><strong>Deinde</strong></span> <span class='ocrx_word' id='word_1_301' title='bbox 1192 4498 1346 4565; x_wconf 80' lang='lat' dir='ltr'><strong>sacerdos</strong></span> <span class='ocrx_word' id='word_1_302' title='bbox 1369 4507 1445 4584; x_wconf 91' lang='lat' dir='ltr'><strong>post</strong></span> <span class='ocrx_word' id='word_1_303' title='bbox 1469 4499 1553 4579; x_wconf 82' lang='lat' dir='ltr'><strong>illos,</strong></span> <span class='ocrx_word' id='word_1_304' title='bbox 1576 4520 1617 4566; x_wconf 82' lang='lat' dir='ltr'><strong>ex</strong></span> 
     </span>
     <span class='ocr_line' id='line_1_37' title="bbox 424 4603 1618 4690; baseline 0.003 -21"><span class='ocrx_word' id='word_1_305' title='bbox 424 4603 499 4670; x_wconf 81' lang='lat' dir='ltr'><strong>liiuc</strong></span> <span class='ocrx_word' id='word_1_306' title='bbox 523 4603 679 4687; x_wconf 76' lang='lat' dir='ltr'><strong>infantes,</strong></span> <span class='ocrx_word' id='word_1_307' title='bbox 703 4616 734 4671; x_wconf 88' lang='lat' dir='ltr'><strong>et</strong></span> <span class='ocrx_word' id='word_1_308' title='bbox 761 4615 839 4671; x_wconf 88' lang='lat' dir='ltr'><strong>tune</strong></span> <span class='ocrx_word' id='word_1_309' title='bbox 862 4604 1001 4672; x_wconf 78' lang='lat' dir='ltr'><strong>doninus</strong></span> <span class='ocrx_word' id='word_1_310' title='bbox 1025 4605 1146 4690; x_wconf 82' lang='lat' dir='ltr'><strong>abbas3</strong></span> <span class='ocrx_word' id='word_1_311' title='bbox 1170 4606 1227 4672; x_wconf 82' lang='lat' dir='ltr'><strong>alii</strong></span> <span class='ocrx_word' id='word_1_312' title='bbox 1249 4607 1382 4673; x_wconf 79' lang='lat' dir='ltr'><strong>veniant</strong></span> <span class='ocrx_word' id='word_1_313' title='bbox 1407 4605 1475 4673; x_wconf 89' lang='lat' dir='ltr'><strong>bini</strong></span> <span class='ocrx_word' id='word_1_314' title='bbox 1491 4628 1532 4672; x_wconf 89' lang='lat' dir='ltr'><strong>ae</strong></span> <span class='ocrx_word' id='word_1_315' title='bbox 1551 4605 1618 4672; x_wconf 88' lang='lat' dir='ltr'><strong>bini</strong></span> 
     </span>
    </p>
   </div>
   <div class='ocr_carea' id='block_1_8' title="bbox 0 0 1902 5375">
    <p class='ocr_par' dir='ltr' id='par_1_9' title="bbox 0 0 1902 5375">
     <span class='ocr_line' id='line_1_38' title="bbox 0 0 1902 5375; baseline 0 0"><span class='ocrx_word' id='word_1_316' title='bbox 0 0 1902 5375; x_wconf 95' lang='lat' dir='ltr'><strong> </strong></span> 
     </span>
    </p>
   </div>
  </div>
 </body>
</html>
