3792 5375
765 468 988 532 -49..

283 665 424 750 «pridem,
444 662 788 751 con][mnicntious,⁴·l
812 661 877 727 dno
901 659 1019 726 iratres
1037 657 1277 744 responsorium
1301 657 1334 723 in
1350 656 1463 742 cappis
1553 670 1595 757 “i''
1611 671 1651 712 w

284 779 425 852 canant,
450 772 603 837 Christus
625 772 737 840 factm
759 784 815 836 cst.
862 766 1096 851 Evangelinm‚
1121 769 1210 832 Arete
1236 766 1322 831 ditm
1340 767 1464 844 fornum
1492 741 1513 785 ‘⁸
1532 741 1673 790 ¹¹⁹⁰'‘¹¹'
1686 741 1730 782 ἀ

277 876 472 964 passurae>
495 873 725 955 Offcrtorium,
750 879 901 943 Dextera
925 877 1071 941 Domini.
1103 872 1299 938 Errantem
1316 870 1466 937 mittatur
1493 867 1520 909 θ’
1534 866 1693 918 ³⁰¹”·³‘¹¹'·
1708 870 1732 906 ¹·

283 984 464 1049 hostiarum
479 984 520 1048 ael
541 982 809 1061 consecrandum,
824 989 859 1047 ut
876 988 909 1047 et
927 981 1000 1066 ipsa
1016 979 1080 1061 die,
1104 1001 1231 1046 necnon
1247 985 1279 1044 et
1295 978 1328 1043 in
1350 977 1467 1044 crasti-

284 1113 359 1155 num
384 1089 533 1155 ‹rnrnibns
556 1089 698 1155 snltieiat
722 1088 763 1154 nd
789 1085 1104 1154 communicandum.
1151 1085 1208 1151 Ad
1230 1106 1345 1171 pacem
1365 1083 1466 1151 etiarn

284 1218 395 1262 oirmcs
409 1198 528 1270 venire,
545 1196 866 1279 communionemque
879 1195 988 1261 cuncti
1005 1193 1128 1260 debent
1142 1192 1240 1260 ctiam
1256 1190 1400 1258 infantes
1411 1210 1466 1258 ac·

283 1303 402 1388 cipere.
450 1302 529 1368 Post
556 1304 687 1367 missam
711 1300 844 1387 pulsata
867 1299 991 1382 tabula,
1020 1299 1210 1365 liutbrando
1232 1297 1352 1382 oratio,
1382 1297 1467 1363 sicut

284 1410 356 1474 aliis
381 1408 495 1474 diclms
519 1417 596 1474 ante
615 1406 795 1493 Vesperam
820 1408 952 1474 solitum
975 1412 1036 1473 est.

373 1514 597 1600 Posteaquam
622 1515 711 1580 exuti
735 1515 853 1581 luerint
877 1515 934 1596 illi,
958 1514 1012 1601 qui
1036 1520 1169 1579 sacrata
1190 1513 1466 1595 administrarant,

284 1621 378 1687 sirunl
403 1642 516 1687 onrrres
551 1622 584 1687 in
620 1621 792 1688 refectorio
823 1622 958 1687 veniant
987 1621 1124 1686 mixtum
1155 1620 1314 1705 accipere.
1359 1618 1467 1685 Deca-

284 1751 345 1794 nus
384 1735 493 1793 irritem
533 1728 758 1808 claustrensis,
801 1736 833 1794 et
873 1727 1033 1814 dignior¹)
1068 1725 1225 1803 lorensis,
1252 1748 1326 1793 cnm
1359 1746 1466 1792 cams-

284 1837 371 1901 mrio
395 1836 495 1900 ctiam
512 1833 553 1900 de
578 1835 650 1901 aliis
675 1836 845 1917 iratribus,
875 1834 992 1922 quibus
1016 1834 1118 1902 relint
1144 1854 1310 1900 assumere
1336 1832 1467 1900 interim

285 1943 360 2009 dum
385 1944 419 2008 in
443 1941 616 2007 refectorio
640 1953 714 2008 sunt
740 1943 869 2026 iratres,
896 1942 1059 2009 inlocum
1084 1963 1149 2026 quo
1172 1940 1384 2007 constitutum
1406 1946 1466 2021 est,

284 2049 436 2116 uidelicet
469 2048 501 2113 in
536 2049 680 2116 clanstro
715 2051 811 2135 juxta
851 2048 1022 2116 ecclesiam
1055 2047 1199 2115 deducat
1234 2069 1394 2135 pauperes
1423 2045 1468 2113 ad

286 2156 477 2225 sedendum.
531 2156 739 2223 Exeuntilms
774 2158 815 2223 de
850 2156 1023 2223 refectorio
1058 2155 1218 2223 iratribus
1252 2163 1346 2223 sonet
1378 2153 1469 2241 prior

285 2263 447 2345 tabularum
471 2264 666 2329 comeniant
689 2286 801 2329 omncs
825 2264 856 2329 in
880 2262 1059 2329 claustrum
1078 2263 1177 2349 juxta
1198 2262 1467 2349 promptuarium,

285 2378 371 2435 stent
400 2370 444 2435 ibi
470 2371 553 2435 sicut
578 2383 654 2436 sunt
678 2372 803 2456 priores
827 2370 1013 2453 ordinatim,
1038 2379 1076 2437 nt
1098 2371 1200 2437 moris
1222 2375 1289 2453 est,
1319 2368 1364 2436 ad
1393 2371 1468 2455 pro·

285 2477 464 2543 cessionem
488 2485 586 2543 stare.
619 2477 719 2543 Pueri
743 2484 821 2543 eant
843 2479 877 2545 in
892 2476 994 2560 scola,
1018 2479 1183 2563 magistris
1205 2478 1291 2544 inter
1312 2482 1468 2545 eosstan·

285 2583 373 2649 t-ibus
403 2585 501 2669 juxta
535 2584 667 2652 ordines
700 2607 778 2653 snos
808 2586 921 2652 inante
956 2607 1032 2652 snos
1065 2606 1238 2672 pauperes.
1283 2582 1468 2671 Incipiente

285 2699 436 2758 cantores
466 2692 698 2778 antiphonam,
730 2699 893 2763 Dominus
918 2697 1034 2777 Jcsns,
1067 2692 1203 2761 flectant
1228 2713 1341 2760 omnes
1362 2712 1470 2778 genna

286 2823 346 2864 sua
369 2800 401 2864 in
417 2805 507 2866 terra
530 2800 766 2884 adorientem,
791 2808 828 2868 ut
851 2803 884 2867 in
909 2801 957 2866 eis
981 2800 1122 2867 christus
1145 2800 1316 2884 adoretur,
1338 2798 1468 2865 eadem·
1522 2818 1528 2830 ·

285 2929 347 2991 que
371 2916 448 2974 ante
471 2909 663 2994 peregrinos
687 2908 811 2974 saciant
834 2906 998 2992 magistris
1025 2929 1098 2979 curn
1122 2906 1312 2989 infantibus,
1335 2913 1369 2974 et
1391 2904 1469 2973 inci·

286 3015 380 3100 piant
406 3015 519 3082 lavare
549 3022 625 3100 post
652 3015 832 3099 psalmum,
867 3018 961 3082 Deus
991 2999 1197 3082 tormentatur.
1245 3013 1328 3080 Post
1354 3034 1468 3079 unum·

285 3144 468 3207 (panemque
492 3144 605 3187 sersus
629 3121 794 3208 expletum
818 3144 891 3189 cmn
914 3119 1146 3210 antiphonam,
1170 3124 1332 3190 Dominus
1356 3124 1468 3203 Jesus,

286 3227 471 3311 habuerint,
495 3228 640 3315 psalmus
665 3229 849 3315 incipiatur,
875 3234 977 3299 Beati
989 3232 1215 3298 immaculati:
1238 3235 1272 3296 et
1294 3226 1338 3294 ad
1352 3249 1468 3294 annm·

285 3336 437 3422 qrmdqne
469 3336 650 3422 capitulum
681 3338 799 3403 iterum
824 3337 1008 3423 incipiatur,
1032 3341 1196 3405 Dorrriuns
1219 3339 1330 3420 Jesus,
1352 3354 1467 3420 usqne,

286 3446 438 3510 Lucerna
447 3445 590 3528 peoribus
606 3450 696 3511 atreis.
728 3444 853 3512 Postea
869 3444 1023 3511 dicantur
1038 3444 1121 3511 aliae
1137 3441 1347 3531 antiphonae,
1362 3440 1468 3509 donec

285 3549 402 3635 singuli
434 3548 553 3615 fratres
584 3550 718 3636 singulis
748 3552 947 3638 pauperibus
979 3551 1079 3637 pedes
1109 3551 1238 3634 lavent,
1270 3555 1401 3635 tergant
1434 3555 1468 3616 et

286 3655 484 3723 osculentur.
532 3654 595 3722 Ille
631 3680 772 3744 namque
807 3659 862 3744 qui
891 3658 998 3740 laxat,
1032 3665 1141 3743 tergat
1169 3665 1269 3743 atque
1302 3655 1469 3724 osculetur

286 3784 396 3828 corum
425 3760 543 3846 pedes,
575 3762 659 3830 alins
689 3766 853 3849 accipiens
877 3764 1011 3832 linteum
1043 3765 1191 3850 inprimis
1214 3784 1374 3830 comeam:
1397 3763 1468 3849 ipse

285 3877 341 3934 eat
363 3867 469 3934 locnm
493 3868 548 3935 ubi
571 3867 676 3936 frater
698 3878 766 3937 stat
788 3893 862 3937 cum
886 3893 972 3958 aqua
996 3880 1029 3938 ct
1051 3871 1192 3953 nranule,
1216 3870 1330 3937 abluat
1350 3891 1469 3938 manns

285 3996 362 4040 suas
392 3984 425 4040 et
454 3975 660 4060 regrediatur
682 3977 715 4043 in
739 4001 832 4045 sumn
855 3978 974 4045 locum.
1004 3977 1137 4046 Caeteri
1159 3977 1307 4044 similiter
1324 3976 1467 4062 iaciantg

285 4081 363 4147 dum
402 4103 514 4149 ornnes
544 4081 649 4149 abluti
687 4083 824 4165 fuerint,
863 4085 1023 4170 incipiant
1059 4086 1185 4152 donare
1220 4105 1308 4171 aqua
1337 4083 1468 4152 rlloranr

284 4187 452 4269 manibus,
488 4196 620 4256 tenente
655 4191 757 4257 fratre
786 4199 899 4257 nmtno
930 4192 1060 4260 mannla
1091 4191 1135 4259 ad
1158 4191 1250 4272 illos,
1280 4198 1313 4258 et
1339 4211 1469 4279 semper

285 4296 521 4382 unusquisque:
537 4295 601 4362 hoc
611 4297 637 4384 ][
647 4305 685 4364 ut
700 4297 822 4364 factum
835 4297 998 4380 habuerit,
1014 4299 1048 4365 in
1061 4298 1135 4366 loco
1146 4321 1206 4367 suo
1217 4299 1335 4365 iterum
1346 4296 1468 4367 reniet.

285 4401 368 4468 Ilico
392 4409 430 4469 ut
458 4410 578 4470 cuncta
602 4402 691 4469 laeta
721 4403 859 4484 inerint,
890 4411 985 4472 sonet
1008 4407 1098 4494 prior
1119 4404 1267 4471 tabulam
1289 4425 1355 4472 nno
1377 4403 1468 4470 hictu

377 4635 398 4705 ¹)
419 4636 533 4692 Rasnra
570 4637 602 4692 lu
615 4641 694 4692 textu
712 4635 830 4706 legitur:
849 4635 974 4707 eligeuns.
1010 4636 1115 4693 Forsan
1135 4635 1287 4708 „ileonrmsl
1312 4634 1468 4706 legendam.

339 4726 519 4766 cananaeum
532 4725 679 4767 sosarnus.
