3792 5375
869 537 1115 600 -170-

733 734 793 807 Ad
822 757 947 831 regem
977 730 1243 807 deducendunn

486 906 649 973 XXXII.
666 906 749 974 Cunr
762 907 894 973 siruditns
905 906 1006 972 iuuerit
1019 906 1181 972 adrentus
1194 905 1282 990 regis
1295 905 1328 969 in
1341 906 1586 987 uronasteriuru,

396 1022 475 1079 ωηο
491 1012 612 1080 ulnmte
629 1012 677 1080 rel
699 1014 807 1099 priore
831 1022 997 1080 aturruente
1023 1011 1192 1093 iratribus,
1217 1012 1243 1076 si
1260 1018 1390 1097 ternpus
1404 1034 1471 1077 non
1487 1011 1587 1079 fuerit

394 1120 548 1206 loquendi
567 1121 600 1185 in
617 1119 770 1201 claustro,
795 1121 990 1186 conveniant
1006 1140 1119 1185 orrrnes
1135 1119 1169 1185 in
1186 1117 1369 1198 ecclesiam,
1393 1128 1425 1185 et
1442 1120 1587 1186 vestiant

395 1250 429 1293 se
460 1228 493 1294 in
523 1228 654 1312 cappis,
684 1229 782 1293 etiarn
807 1228 972 1307 conversi,
1005 1236 1038 1293 ct
1062 1226 1206 1293 infantes
1230 1225 1371 1292 induant
1393 1247 1428 1292 se
1453 1226 1585 1296 tunicis.

395 1332 587 1400 Secretnriis
606 1342 804 1419 praeparent
819 1335 1073 1419 processionem,
1098 1341 1132 1399 et
1147 1340 1227 1400 tunc
1243 1340 1360 1400 sonarit
1376 1332 1441 1399 duo
1457 1333 1587 1418 majora
1652 1383 1655 1386 <

395 1441 496 1524 signa,
512 1442 743 1526 incipientibus
759 1443 807 1508 ita
823 1443 976 1509 ordinate
988 1462 1135 1528 pergere,
1152 1440 1238 1508 sicut
1250 1441 1283 1506 in
1296 1440 1348 1506 his
1361 1439 1585 1507 caracteribus

394 1545 653 1615 ‹leruonstratnrz

476 1685 548 1737 t'nux
594 1682 753 1739 Turibulum
800 1682 999 1739 t'nnrlelabrum
1046 1681 1246 1738 enrnetmunu
1292 1681 1490 1738 Candelabrum

476 1773 555 1840 aqua
593 1774 665 1839 tjnrx
800 1773 907 1828 Tertns
1044 1772 1151 1828 'sextus
1288 1771 1394 1827 Textus

475 1862 547 1917 thim
594 1860 753 1916 'lrtnhulurn
800 1860 998 1918 t'andelahnun
1047 1860 1246 1917 t‘andelabrurn
1292 1859 1498 1916 t'andelahrnm.

391 1973 547 2043 Conversi
577 1975 644 2043 bini
675 1986 709 2042 et
740 1976 839 2060 binis,
871 1986 949 2042 tunc
979 1975 1123 2043 infantes
1154 1997 1227 2042 curu
1251 1975 1432 2061 magistris,
1463 1975 1583 2043 deinde

391 2082 530 2149 doninus
554 2082 668 2165 abbas,
699 2092 733 2150 ct
756 2090 834 2150 tunc
859 2082 915 2150 ulii
940 2083 1061 2149 iratres
1084 2082 1150 2150 duo
1173 2103 1214 2149 ac
1236 2081 1312 2165 duo,
1338 2083 1422 2149 sicta
1445 2084 1582 2169 priores,

391 2196 501 2256 tanuen
531 2212 602 2256 curu
635 2188 764 2259 silentio
792 2198 879 2259 eant.
926 2189 1202 2257 Pervenientihus
1232 2188 1275 2254 ad
1301 2211 1392 2272 eum,
1423 2197 1501 2257 ωηο
1524 2190 1583 2258 det

390 2296 419 2361 ci
443 2317 562 2381 cuquam
585 2306 733 2364 sanctuni
757 2305 790 2364 et
813 2297 981 2364 osculetur
1003 2303 1141 2380 textum,
1166 2303 1200 2362 et
1222 2297 1418 2363 incensetur.
1452 2296 1582 2365 Deinde

389 2400 569 2485 inchoetur,
593 2409 679 2471 licet
701 2409 793 2473 mitto
809 2409 977 2489 slrrgelnnr
999 2427 1117 2485 irrrrnn,
1143 2409 1177 2470 et
1192 2402 1326 2490 pulsent
1342 2403 1455 2471 famuli
1472 2406 1582 2473 curnis

389 2511 492 2594 signs.
539 2510 580 2576 ln
610 2511 750 2578 ecclesia
779 2513 906 2598 tapetia
936 2513 1001 2578 sint
1026 2510 1091 2578 duo
1115 2511 1286 2593 ordinata,
1316 2534 1455 2598 qarorurn
1479 2534 1581 2580 unum

389 2616 431 2681 sit
455 2625 533 2684 unte
556 2618 662 2685 altare
685 2626 821 2685 sanctae
844 2621 968 2697 crucis,
999 2626 1033 2685 et
1056 2618 1195 2685 alterurn
1221 2625 1298 2686 ante
1321 2620 1437 2685 rricius.
1485 2617 1581 2687 Tunc

389 2724 491 2791 abbas
515 2726 645 2793 inchoet
668 2712 882 2813 antiphonam
906 2726 957 2793 sel
981 2727 1227 2813 responsorium
1251 2726 1342 2813 ‹laod
1366 2726 1460 2811 velit,
1490 2727 1580 2814 qued

389 2833 570 2902 conueniat.
622 2833 696 2920 Quo
734 2834 864 2919 expleto
900 2833 979 2901 dicit
1016 2833 1196 2919 capitulum
1231 2839 1265 2901 et
1303 2833 1364 2901 has
1401 2837 1580 2916 orationes,

391 2939 599 3027 Omnipotens
614 2946 808 3029 sempiterne
824 2945 928 3023 Dens,
949 2945 1011 3030 qni
1024 2944 1180 3008 eoelestia
1196 2945 1302 3009 rinnel
1312 2954 1347 3009 et
1360 2956 1494 3010 terrena
1511 2967 1579 3010 erro·

389 3047 531 3125 cirratis,
563 3046 639 3129 alia,
675 3049 884 3135 Omnipotens
906 3053 1106 3135 sempiterne
1130 3051 1231 3131 Dens,
1262 3054 1423 3116 nrisererc
1440 3051 1581 3134 snrrrulo

389 3167 451 3235 tno,
477 3161 510 3220 et
533 3153 727 3221 redeuntia
751 3154 942 3225 claustram.
975 3153 1033 3221 Ad
1056 3156 1202 3240 reginam
1227 3155 1342 3223 eadent
1359 3153 1496 3242 iaciant,
1519 3155 1579 3224 sed

388 3267 495 3326 tannen
521 3260 776 3346 ingredientibus
800 3263 832 3328 iu
857 3261 1028 3329 ecclesiam
1051 3262 1138 3328 hanc
1160 3262 1373 3348 antiphonam
1389 3262 1577 3346 decantent,

390 3368 471 3433 (nm
494 3371 618 3436 sederit
628 3372 730 3458 filins
752 3372 904 3439 bortrinis.

663 3583 688 3670 ll
712 3586 768 3660 Ad
798 3587 1011 3686 episcopum
1040 3586 1306 3669 deducendum.

476 3759 661 3831 XXXIII.
696 3760 780 3828 Ilico
803 3770 839 3827 ut
863 3763 1037 3829 nnuntiatns
1060 3761 1160 3831 inerit

386 3867 417 3931 in
434 3861 593 3934 coenobio
609 3869 752 3952 episcopi
769 3867 937 3948 adventui,
954 3876 1081 3935 annuat
1097 3870 1189 3955 prior
1203 3869 1254 3935 ael
1271 3869 1337 3951 ille,
1353 3870 1411 3957 qni
1426 3869 1577 3938 ordinem

385 3974 541 4057 tenuerit,
571 3974 742 4052 iratribus,
772 3975 799 4040 si
822 3976 855 4041 in
879 3974 1025 4044 claustro
1048 3997 1114 4044 non
1138 3975 1298 4062 loquitur,
1328 3984 1365 4042 ut
1387 3975 1577 4045 ηηηηοηωο

384 4080 492 4145 cuncti
517 4081 550 4146 in
574 4080 734 4148 aecclesia
750 4089 780 4148 et
798 4082 1020 4150 revestiantur
1035 4084 1069 4148 in
1085 4083 1199 4169 cappis
1209 4082 1236 4170 ¹)
1252 4105 1366 4149 omnes
1382 4091 1415 4150 et
1431 4082 1576 4151 inianter

383 4187 415 4251 in
440 4186 534 4257 albis.
581 4186 708 4253 Deinde
740 4188 905 4273 occipiunt
928 4190 1075 4256 conversi
1100 4211 1221 4276 aquarn
1244 4198 1404 4272 sanctam,
1435 4211 1574 4273 crucem,

384 4291 448 4357 duo
479 4293 695 4375 candelabra,
731 4303 764 4362 et
794 4302 905 4362 textus
936 4295 1114 4381 evangelii,
1147 4305 1182 4365 ct
1215 4304 1295 4363 eant
1329 4319 1403 4364 cnm
1433 4298 1574 4366 silentio.

320 4400 325 4408 '
384 4397 473 4466 Dent
504 4400 532 4466 ei
564 4422 684 4486 aquarn
715 4410 864 4479 sanctam
893 4409 925 4468 et
958 4403 1125 4470 osculetur
1154 4410 1281 4471 textum
1312 4412 1347 4472 et
1376 4405 1574 4476 incensetur.

386 4504 512 4572 Deinde
541 4506 673 4575 inchoet
695 4508 954 4594 responsorium,
985 4513 1072 4577 Ecce
1095 4532 1175 4578 nere
1198 4513 1375 4593 Israelita,
1408 4509 1458 4578 rel
1481 4515 1577 4580 alneti

384 4632 414 4641 ισ-

473 4700 495 4767 ¹)
513 4700 628 4758 Besara.
