3792 5375
827 466 1028 527 -5..

338 652 556 722 subdiaconus
580 655 613 721 in
629 655 770 738 castillis,
794 664 952 742 quattuor
974 658 1007 724 in
1031 655 1114 723 albis
1138 656 1265 740 fratres,
1289 679 1428 744 qnorum
1452 656 1519 725 duo

338 769 471 828 cantent
490 765 742 848 responsorium,
767 786 786 829 a
802 764 902 832 biduo
918 767 1078 854 Alleleq'a.
1110 767 1226 832 Gloria
1248 769 1283 834 r'n
1306 767 1446 835 excelsis
1460 769 1519 832 deo

339 890 403 934 non
427 872 613 937 assumitur.
661 871 841 956 Sequentia
864 872 1069 953 cantabitur,
1101 872 1206 939 Credo
1227 874 1262 939 in
1285 897 1386 940 unum
1409 875 1516 953 denen,

338 996 466 1062 semper
488 977 618 1046 dicitur.
667 982 716 1046 Ite
739 982 841 1046 missa
864 992 929 1061 est,
961 1000 1022 1044 nec
1053 978 1190 1044 dicatur.
1235 977 1316 1065 lpsa
1338 977 1392 1046 dic
1415 978 1518 1046 resec·

339 1084 411 1148 torii
425 1084 448 1170 ][
461 1082 593 1150 tabulae
617 1084 739 1151 debent
763 1107 833 1151 csse
856 1092 1043 1172 coopertae.
1073 1085 1253 1153 Dominicis
1269 1085 1318 1152 rel
1335 1086 1410 1152 aliis
1426 1085 1519 1152 sectis

338 1188 453 1255 diebus
477 1190 594 1275 quibus
618 1191 789 1258 duodecim
819 1192 978 1259 lectiones
1008 1191 1132 1258 iaciunt
1155 1191 1284 1279 adipem
1307 1191 1518 1275 manducent,

338 1294 410 1362 aliis
434 1319 509 1365 rcro
533 1297 649 1364 dicbus
672 1321 708 1364 se
736 1298 936 1367 abstineant.

428 1404 489 1471 lv.
513 1404 658 1471 Privatis
688 1404 804 1471 diebus
831 1405 1066 1487 invitatorium,
1090 1408 1213 1489 Regem
1242 1420 1427 1474 vetaturum.
1462 1404 1518 1471 Ad

337 1511 544 1578 nocturnales
567 1511 798 1598 obsequiorum
821 1510 920 1577 debet
943 1511 1053 1578 dicere
1075 1512 1192 1579 cotidie
1215 1513 1381 1579 orationes
1404 1513 1446 1580 de
1462 1510 1519 1577 ad·

337 1625 445 1683 uentu.
484 1617 626 1685 Praeces
649 1618 692 1684 ad
716 1620 894 1684 matutinus
917 1626 952 1684 et
975 1641 1128 1707 resperas
1150 1618 1287 1687 dicende
1310 1626 1397 1689 sunt
1437 1617 1520 1688 Ore·

337 1747 408 1791 rrius
437 1747 496 1811 pro
526 1725 614 1792 omni
644 1724 751 1810 gradu
781 1725 938 1792 ecclcsiae
968 1726 1054 1792 sicut
1082 1724 1196 1793 dicbus
1228 1726 1519 1813 quadragesimam

337 1833 502 1899 orationes
524 1832 566 1899 de
589 1832 734 1899 adventu
757 1840 921 1918 promant,
965 1832 1156 1918 Eademque
1178 1832 1339 1900 faciamus
1361 1834 1396 1901 in
1420 1833 1521 1901 boras

337 1940 547 2025 similiterque
571 1961 734 2027 resperas.
781 1939 822 2006 In
853 1939 1002 2007 sabbatis
1031 1962 1091 2027 per
1119 1947 1222 2007 totum
1252 1940 1430 2008 adrentum
1452 1962 1520 2009 uon
1646 1979 1650 1988 ·

336 2048 482 2132 pergitur
511 2048 552 2114 ad
584 2054 734 2114 sanctam
765 2069 894 2114 crucem
925 2070 999 2115 cum
1026 2048 1241 2134 processione.
1288 2047 1415 2134 Quinta
1437 2046 1521 2115 feria

337 2155 529 2221 sustollatur
550 2155 657 2222 omnis
681 2154 828 2222 cortinae
851 2154 1022 2222 ecclesiae.

427 2262 468 2329 V.
493 2262 668 2329 Dominica
691 2262 745 2327 ΙΙ·
769 2284 809 2328 ex
832 2250 976 2330 domini

425 2369 583 2451 adventu,
618 2367 758 2435 sabbato
793 2368 835 2435 ad
868 2391 1031 2456 ¹resperas
1059 2369 1235 2456 inponatur
1263 2368 1519 2453 responsorium,

338 2479 421 2543 Ecce
443 2480 512 2543 dies
534 2478 677 2544 venirene.
716 2475 774 2541 Ad
796 2485 985 2544 nocturnos.
1009 2477 1267 2562 responsorium,
1290 2478 1519 2544 Hierusalem.

336 2584 376 2649 In
400 2583 498 2649 tertia
519 2583 761 2668 responsorium
791 2583 834 2649 ad
858 2605 1030 2671 resperas,
1066 2584 1134 2665 Qui
1152 2597 1321 2651 venturus.
1359 2578 1419 2650 Ad
1441 2603 1519 2650 noc·

335 2698 459 2770 turnus,
483 2695 567 2759 Ecce
588 2695 773 2777 apparebit.
811 2689 927 2757 Lectio
951 2689 993 2757 dc
1016 2691 1115 2761 cauit⁴

426 2798 489 2867 vl.
512 2797 552 2864 In
576 2806 710 2865 sanctae
727 2797 829 2865 Lucie
853 2799 919 2864 sint
942 2797 1009 2864 duo
1032 2797 1151 2865 iratres
1172 2798 1207 2864 iu
1229 2795 1312 2864 albis
1335 2796 1380 2865 acl
1402 2796 1520 2864 iuvita·
1591 2873 1594 2878 Δ

337 2907 456 2972 torium
480 2912 513 2971 et
536 2905 646 2971 omnia
669 2925 755 2990 quae
778 2904 919 2971 dicenda
942 2911 1029 2985 sunt,
1057 2904 1181 2971 iaciant
1202 2903 1243 2970 dc
1265 2904 1340 2991 ipsa
1361 2903 1464 2971 beatu
1486 2910 1521 2970 et

336 3019 487 3098 repetant
510 3012 724 3097 antiphonam
748 3010 789 3077 de
812 3010 955 3078 aduentu
979 3033 1053 3078 cum
1075 3012 1192 3079 Gloria
1208 3015 1315 3099 patri.

426 3118 506 3185 Vll.
530 3118 631 3183 Furia
654 3117 747 3184 1111·
770 3117 901 3203 quando
920 3119 1081 3205 jejunium
1104 3117 1289 3185 celebratur
1308 3116 1415 3184 11110‘
1436 3123 1519 3185 tcm-

336 3249 451 3313 porum
474 3226 695 3292 invitatorium
725 3226 872 3309 dicatur,
902 3229 1012 3312 Prope
1033 3236 1084 3292 est
1096 3229 1176 3315 jam
1197 3229 1359 3295 damirms.
1405 3224 1519 3291 Etiam

337 3334 419 3400 seria
453 3332 501 3399 Π.
534 3334 738 3418 incipientes.
785 3331 1002 3417 Evangellum
1032 3332 1278 3419 pronuntietur,
1312 3333 1443 3400 Me'ssus
1472 3344 1522 3398 est

336 3444 477 3528 aergelas
499 3440 714 3508 Gabriele)
753 3440 1028 3525 Responsorium,
1064 3441 1180 3508 Clarrra
1202 3444 1238 3507 in
1254 3443 1353 3526 soris
1376 3445 1412 3506 et
1433 3437 1519 3505 alias
1546 3432 1576 3475 ‘¹'
1589 3431 1646 3472 ¹⁸¹⁰·
1660 3430 1721 3482 ¹⁸¹⁸
1734 3442 1768 3472 ²

335 3569 394 3632 per
416 3545 574 3613 ordinem.
620 3545 662 3612 In
686 3546 934 3613 matutinalibus
957 3546 1110 3613 laudibus
1134 3545 1332 3633 antiphona,
1362 3548 1418 3613 De
1438 3566 1520 3629 syon
1581 3617 1587 3628 ,

335 3658 441 3723 reum!
473 3660 508 3719 et
536 3653 639 3735 aliae,
674 3675 760 3738 quae
794 3654 1002 3721 conueniunt.
1048 3653 1089 3719 In
1121 3651 1288 3737 euangelio
1322 3649 1517 3739 antiphona,

335 3763 463 3828 Missus
484 3771 540 3827 est.
577 3758 634 3825 Ad
649 3760 788 3845 prinlum
805 3768 839 3826 et
857 3759 931 3826 ΙΙΙ·
952 3766 986 3825 et
1002 3743 1077 3827 Vpk
1097 3766 1132 3826 et
1146 3758 1288 3845 vimus
1303 3757 1517 3845 antiphonae,

335 3888 419 3952 qnae
434 3873 614 3948 remanent,
631 3873 707 3938 sunt
721 3864 889 3933 dicendae.
911 3865 976 3933 Au
985 3887 1130 3933 mensam
1146 3865 1410 3953 elemosynarips,
1429 3864 1518 3950 quod

334 3974 376 4040 de
399 3995 484 4059 pane
507 3981 540 4039 et
556 3973 631 4039 rino
655 3972 837 4039 remanebit
859 3973 1003 4059 accipiat
1019 3972 1071 4038 his
1090 3972 1193 4039 tribus
1209 3972 1327 4059 jejunii
1342 3970 1471 4059 diebus⁴
1484 3977 1519 4038 et

335 4102 400 4148 non
416 4079 619 4146 solummodo
635 4079 717 4160 istis,
733 4079 790 4146 sed
808 4079 907 4144 etiam
924 4086 996 4146 toto
1012 4077 1153 4145 adrentu
1168 4086 1300 4165 praeter
1314 4076 1387 4145 (lieu
1402 4076 1531 4145 leston·

425 4275 446 4345 ι)
465 4274 645 4331 Inveniuntur
661 4272 691 4329 in
709 4272 842 4343 principio
860 4273 921 4329 tolli
938 4273 968 4329 hi
987 4289 1097 4330 reram:
1204 4314 1212 4330 .

548 4364 616 4419 Esse
636 4361 704 4418 duos
723 4377 789 4418 nens
808 4361 906 4432 probat
919 4361 1066 4419 Alberlcnr
1083 4359 1181 4433 ubique
1306 4415 1316 4435 ,

547 4453 628 4508 Alter
645 4450 770 4522 legitime
787 4457 915 4507 serrator
932 4456 963 4507 et
980 4449 1169 4522 ulteriniqm.

480 4603 485 4616 ⁸
547 4541 681 4611 Tempore
700 4540 784 4620 felici,
802 4530 938 4610 quinum
960 4539 1063 4618 nupsit
1080 4521 1190 4596 emim*

395 4639 403 4659 ·
437 4633 452 4678 ‘-
547 4630 580 4686 ln
598 4629 675 4686 tristi
692 4629 762 4685 sans
780 4635 837 4698 est,
850 4629 874 4685 si
893 4645 948 4686 non
966 4627 1005 4685 ult
1022 4644 1084 4685 mox
1101 4627 1233 4685 iuimicus.
