3792 5375
229 3528 249 3590 r<

804 551 1027 614 „50-

309 749 457 827 praeter
480 740 761 827 praeplratiorrcnr,
785 763 871 828 quae
888 763 953 808 non
978 749 1028 808 est
1052 741 1202 810 cauenda
1225 742 1288 810 nisi
1311 745 1385 811 istis
1408 744 1515 811 tribus

326 846 449 913 diebus.
502 846 559 912 Ad
592 848 746 931 majorem
770 849 836 914 sint
858 869 972 915 omnes
999 849 1187 915 sacerdotes
1211 857 1314 936 ablue
1335 849 1456 919 levitae
1479 851 1513 917 in

325 954 454 1039 cappis:
479 952 583 1019 tribus
607 954 832 1039 corporalibus
856 954 963 1020 altare
987 955 1222 1022 circumdetur:
1251 956 1411 1024 candelae
1435 966 1514 1024 ante
1601 980 1605 987 ·

325 1065 357 1126 et
372 1067 461 1125 retro
476 1058 711 1130 illuminentur.
746 1058 960 1127 Offerton'um
978 1084 1034 1128 sex
1050 1068 1253 1146 sustentent3
1275 1064 1308 1129 in
1325 1065 1514 1151 expletione

324 1167 443 1234 missae
466 1173 655 1233 cunctorum
671 1167 764 1253 signa
779 1166 1044 1235 borarrreutorum
1059 1168 1241 1254 pulsentur.
1280 1168 1320 1236 In
1337 1170 1514 1238 refectorio

324 1271 443 1339 cotidie
458 1271 584 1342 faciant
599 1274 782 1355 caritatem,
799 1274 949 1342 sirrriliter
965 1274 1185 1342 collationem.
1224 1274 1312 1342 Tota
1328 1279 1513 1362 septimana

324 1377 476 1445 dicantur
499 1379 542 1445 ad
566 1401 733 1465 vesperam
757 1380 876 1465 psalmi
900 1381 985 1447 sicut
1001 1381 1053 1449 die
1070 1381 1257 1466 Dominico,
1281 1404 1355 1449 curn
1371 1385 1513 1473 alleluja

216 1504 219 1510 ’
324 1486 420 1569 quale
444 1485 592 1553 voluerit.
638 1487 802 1553 Accensio
825 1487 959 1553 lnnrinis
981 1487 1065 1554 sicut
1087 1488 1131 1555 ad
1155 1489 1289 1556 missam
1313 1488 1383 1556 fiat.

411 1590 498 1658 Aliis
532 1592 635 1659 tribus
665 1592 781 1659 diebns
815 1593 1023 1660 mediocriter
1057 1594 1100 1661 ad
1136 1594 1333 1663 nocturnale
1367 1595 1513 1663 osticium

323 1698 388 1767 sint
410 1698 477 1764 tria
501 1697 699 1765 candelabra
723 1707 802 1766 ante
825 1720 917 1766 aram
942 1709 976 1768 st
999 1707 1179 1768 retrorsum
1194 1723 1305 1773 unum.
1346 1702 1390 1769 In
1407 1711 1513 1770 matu·

323 1804 399 1871 tirris
421 1804 575 1871 laudibus
598 1805 816 1891 pulsabuntur
831 1808 942 1874 omnia
957 1808 1059 1892 signa.
1097 1807 1249 1876 Candela
1267 1830 1335 1876 una
1351 1816 1514 1895 augeatur

323 1917 356 1976 et
379 1911 495 1978 tabula
518 1911 786 1998 discooperiatur.
835 1911 868 1979 A
893 1915 1004 2000 pueris
1028 1922 1138 1981 autem
1168 1916 1414 2003 responsorium
1445 1918 1513 1983 sive

323 2021 562 2086 Bmcde'camus
586 2023 727 2087 Donrr‘no
750 2021 784 2086 in
807 2027 884 2087 ante
907 2044 974 2088 non
998 2021 1184 2107 peragitur,
1215 2021 1274 2088 sed
1297 2023 1331 2089 in
1354 2023 1429 2089 loeo
1453 2045 1513 2090 sno

322 2125 440 2209 agitur.
489 2123 651 2193 Sacerdos
674 2125 752 2194 alba
774 2127 932 2194 induatur
955 2127 1009 2194 ad·
1022 2127 1267 2196 incensandum.
1310 2128 1513 2198 Filaoteriae

323 2232 601 2317 superstolantur,
632 2240 664 2300 et
694 2236 821 2319 tapetia
845 2256 885 2300 ex
908 2233 1022 2301 formis
1045 2234 1249 2302 auferantur.
1298 2235 1356 2301 Ad
1379 2238 1513 2304 matuti-

322 2337 430 2404 nalem
446 2339 579 2406 missam
603 2361 716 2406 omnes
738 2340 907 2422 collectae,
936 2348 975 2409 ut
1000 2341 1131 2408 solitum
1158 2348 1218 2423 est,
1242 2341 1407 2410 dicuntur.
1455 2342 1513 2410 Ad

322 2445 475 2529 rrrajorenr
506 2445 630 2513 iaciant
666 2447 767 2514 veluti
798 2469 877 2514 nsns
909 2456 960 2515 est
991 2469 1088 2534 agere
1111 2447 1202 2516 XII.
1232 2448 1448 2531 lectionibus,
1478 2459 1512 2517 et

321 2551 362 2617 de
385 2551 590 2619 candelabris
614 2544 727 2620 eadem
751 2554 863 2624 saciat.
910 2554 1112 2641 Praephatio
1136 2557 1433 2642 praetermittatur.

409 2657 542 2729 Ll’HI.
567 2658 715 2729 Sabbata
731 2662 764 2728 in
781 2661 874 2744 albis,
892 2663 1090 2748 vitatorium,
1108 2665 1270 2754 Alleluja,
1287 2666 1437 2754 alleluja.
1469 2663 1511 2731 In

321 2766 492 2834 matutinis
521 2766 687 2849 laudibus,
723 2770 793 2836 sive
823 2791 980 2855 vesperae
1014 2771 1224 2856 responsoria
1252 2771 1368 2839 brevia
1396 2770 1512 2859 qualia

182 2912 187 2924 ·
227 2896 237 2919 ν
321 2872 482 2940 soluerint
505 2874 726 2959 Pasclralinm,
742 2875 768 2962 ][
785 2878 936 2965 Alleluja
961 2886 1026 2942 tarn
1052 2877 1085 2943 in
1106 2878 1277 2944 nocturnis
1300 2900 1400 2964 quam
1420 2879 1512 2946 boris

321 3001 381 3064 per
403 2980 549 3065 singulos
572 2981 641 3048 dies
664 2981 890 3049 decantentur.
938 2982 1097 3051 Similiter
1120 3006 1243 3067 sersus,
1269 2985 1327 3071 qui
1350 2990 1428 3051 aunt
1452 3006 1512 3052 sn·

320 3088 426 3153 notati
460 3087 563 3175 ipsius
597 3088 670 3156 diei.
727 3087 877 3175 Vespere
915 3089 983 3156 sint
1017 3091 1161 3176 quinque
1194 3091 1399 3179 candelabra
1432 3098 1512 3159 ante

321 3213 422 3275 araur,
446 3194 608 3279 posterius
632 3194 728 3263 trina.
765 3194 918 3262 Psalrrros
939 3197 1110 3282 inponant,
1136 3198 1369 3285 confiteantur.
1410 3197 1512 3264 Anti·

320 3299 439 3385 pliona,
470 3303 552 3368 ticin
575 3315 658 3369 csse!
677 3326 760 3370 sero.
808 3300 967 3384 Oramus,
999 3307 1145 3372 Praesta
1175 3328 1376 3391 prraesmrms
1401 3311 1508 3389 ,ararni-

313 3419 439 3493 poteris.

409 3490 536 3610 Ll'lss.
560 3513 693 3581 Oetaeis
709 3516 959 3582 resurrectionis
975 3515 1107 3587 domini.
1141 3515 1278 3586 Summo
1299 3517 1409 3584 studio
1425 3517 1511 3585 cele·
1560 3593 1563 3599 Α

319 3618 440 3688 bretnr.
489 3621 726 3689 Accendantur
748 3645 822 3687 nrox
854 3630 891 3688 nt
920 3621 1021 3689 inerit
1051 3622 1218 3710 expletum
1246 3625 1412 3691 canticum
1435 3646 1511 3711 gra·

321 3726 430 3808 duum,
465 3736 533 3793 tres
565 3727 721 3794 candelae
755 3736 834 3794 ante
869 3749 972 3812 arom,
1008 3737 1042 3796 et
1070 3737 1161 3801 retro
1189 3752 1278 3814 una,
1311 3731 1355 3799 ad
1379 3732 1510 3800 cantica

321 3840 502 3918 augeantur
534 3834 619 3900 dune
653 3842 765 3917 antea,
808 3834 972 3920 posterius
996 3819 1089 3920 nna,
1123 3837 1274 3924 superius
1309 3837 1509 3924 quindecim.

320 3937 522 4007 Vitutorinm
546 3938 611 4005 duo
633 3940 668 4005 in
691 3940 816 4026 cappis,
841 3943 1003 4029 Allelrrja,
1026 3945 1176 4031 alleluja.
1213 3942 1391 4011 Lectiones
1414 3966 1511 4013 sanc·

200 4083 206 4094 ·
233 4085 239 4105 .
265 4087 270 4098 ·
321 4054 425 4113 torum
442 4046 492 4111 rel
509 4045 657 4132 patribus
673 4069 731 4113 seu
747 4054 880 4113 actuum
897 4047 1134 4135 apostolorum,
1153 4052 1310 4119 Primum
1326 4052 1511 4136 quidem.(⁸)

320 4151 552 4238 Responsoria,
578 4156 730 4236 derectus
753 4158 881 4223 alorrrr'm'
901 4157 1076 4236 descendit,
1100 4162 1269 4241 (priamum,
1297 4162 1451 4224 octauum
1475 4166 1511 4225 et

320 4257 545 4325 duodecimum
576 4282 597 4324 a
627 4258 755 4326 dnobus
785 4259 1028 4331 decantabitur.
1080 4260 1280 4328 Duodennm
1314 4281 1459 4348 namque
1489 4285 1510 4330 a

320 4367 428 4451 capite
456 4364 692 4451 recapituletur
719 4372 794 4451 post
829 4368 949 4434 Gloria
974 4365 1107 4434 dictam.
1157 4367 1200 4434 Iu
1229 4367 1400 4453 euangelio
1424 4370 1510 4436 anti·

319 4469 438 4555 pliona,
464 4474 548 4538 Post
567 4475 637 4539 dies
659 4486 738 4542 octo.
777 4471 835 4538 Ad
858 4472 1086 4539 matutinalem
1110 4473 1242 4540 missam
1267 4495 1333 4541 una
1357 4474 1509 4559 collecta,

320 4585 352 4643 et
372 4576 577 4662 Praeplratio
607 4576 789 4644 Pasclralis.
836 4578 894 4645 Ad
924 4579 1163 4664 processionem
1194 4579 1400 4648 venientibus
1431 4590 1510 4648 ante

315 4682 452 4764 januum
483 4681 647 4767 coenobii,
678 4683 756 4750 dnrrr
787 4684 931 4751 ordinati
962 4685 1083 4752 luserint
1114 4686 1199 4754 sicut
1229 4708 1301 4753 mos
1331 4695 1398 4772 cst,
1427 4695 1509 4756 tunc
