3792 5375
834 633 1081 697 -134-

372 826 502 914 lateque
535 833 743 895 constructae
778 832 871 906 sunt,
910 825 943 891 in
978 825 1032 891 die
1065 822 1293 891 Kalendarum
1326 819 1552 889 novembrium

374 934 480 1018 agitur
501 933 659 1000 festivitas
675 933 818 1000 omnium
836 938 1035 1013 sanctorum,
1056 930 1105 997 ita
1119 929 1208 1016 apud
1224 951 1284 996 nos
1299 935 1419 1015 agatur
1434 927 1551 996 festivo

374 1060 459 1105 rurore
482 1039 744 1107 commemoratio
768 1038 911 1105 fidelium
935 1037 1178 1105 deiunctonmrt
1207 1036 1265 1104 tali
1287 1036 1396 1117 modo,
1418 1042 1457 1103 ut
1479 1034 1552 1122 ipsa

372 1147 423 1212 die
445 1154 519 1232 post
541 1145 719 1233 capitulum
743 1145 889 1212 decanus
911 1153 945 1211 et
969 1145 1156 1211 cellerarius
1178 1143 1387 1211 relectionem
1402 1141 1553 1210 tribuant

372 1252 519 1320 omnibus
548 1251 852 1338 supervenientibus
881 1250 1097 1337 pauperibus,
1132 1251 1218 1318 sicut
1251 1271 1321 1318 mos
1352 1257 1403 1318 cst
1433 1250 1487 1335 agi
1517 1248 1550 1314 in

371 1380 473 1426 caena
499 1358 638 1443 domini,
668 1367 702 1426 et
731 1357 888 1444 quicquid
918 1358 991 1443 ipsa
1017 1357 1070 1424 die
1093 1356 1135 1425 de
1158 1356 1333 1425 refectorio
1355 1355 1552 1424 remanserit

371 1466 625 1533 Eleinosinarius
658 1466 810 1552 accipiat.
856 1464 938 1551 Ipsa
968 1466 1067 1532 etiam
1102 1464 1154 1532 dic
1188 1470 1264 1552 post
1297 1460 1551 1550 vespertinalem

371 1573 505 1640 sinaxim
528 1573 669 1659 pulsatis
691 1571 843 1640 omnibus
866 1572 968 1658 signis
991 1580 1129 1639 canatur
1144 1592 1282 1659 uespera
1297 1592 1358 1657 pro
1373 1569 1549 1637 defunctis.

370 1679 525 1747 Similiter
553 1689 585 1748 et
615 1682 650 1746 iu
679 1680 822 1747 crastino
852 1678 990 1766 pulsatis
1012 1678 1120 1746 denuo
1143 1678 1244 1765 signis
1266 1685 1386 1764 agatur
1409 1676 1550 1745 officium

371 1810 430 1873 pro
459 1786 629 1859 defunctis.
680 1786 787 1854 Missa
817 1786 916 1853 ctiam
947 1785 1150 1852 ruratutinalis
1180 1794 1299 1871 agatur
1328 1784 1552 1870 sollempniter

369 1915 428 1979 pro
452 1893 622 1960 defunctis
668 1892 825 1961 'fractum
849 1900 984 1960 cautent
1014 1893 1079 1959 duo
1109 1891 1247 1979 fratrem
1277 1893 1385 1959 cuncti
1409 1891 1551 1960 offerant

370 2000 535 2086 privatim,
570 2008 603 2067 et
636 2000 766 2087 publice
796 2000 927 2067 missam
959 1999 1147 2067 caelebrent
1174 2021 1236 2085 pro
1265 1999 1377 2087 requie
1406 1997 1550 2067 omnium

369 2108 548 2174 animarum
584 2107 746 2174 fidelium:
789 2116 823 2174 et
858 2107 1032 2175 duodecim
1064 2128 1228 2194 pauperes
1256 2105 1456 2176 reficiantur.
1503 2105 1552 2172 Et

368 2222 405 2280 ut
426 2214 487 2281 hoc
503 2213 669 2281 decretum
692 2223 885 2300 perpetuum
901 2214 1042 2299 rigorem
1058 2214 1216 2297 obtineat,
1240 2212 1388 2281 volumus
1411 2219 1446 2280 et
1466 2213 1551 2299 peti·

214 2370 222 2383 .
255 2343 278 2383 a
368 2342 449 2400 mus,
472 2319 497 2407 ][
520 2327 553 2387 et
575 2322 794 2407 praecipimus
816 2327 886 2387 tam
908 2321 942 2388 in
965 2320 1134 2402 hocloco,
1157 2318 1551 2407 quamincnnctislocis

369 2423 410 2494 aid
434 2429 530 2494 istum
553 2428 657 2496 locum
681 2426 922 2516 pertinentibus
949 2435 1113 2512 servetur,
1145 2436 1179 2496 et
1208 2427 1236 2495 si
1266 2427 1384 2513 aliquis
1414 2448 1454 2495 ex
1483 2427 1550 2494 ista

368 2542 478 2601 nostra
501 2533 587 2602 fideli
610 2536 797 2603 inventione
814 2535 990 2621 sumpserit
1006 2535 1200 2622 exemplum,
1223 2535 1391 2623 particeps
1406 2536 1551 2603 omnium

369 2640 524 2710 bonorum
547 2642 707 2712 efficiatur
729 2649 888 2711 uotorum

497 2842 685 2919 Fratribus
713 2842 868 2919 instituit
895 2842 1104 2919 novembris
1132 2843 1203 2919 ista
1230 2842 1418 2926 Kalendis.

455 3015 581 3085 CXLI.
616 3017 708 3104 Ergo
730 3017 825 3086 Ana·

367 3123 443 3191 liter
469 3125 610 3191 omnium
640 3125 797 3193 memoria
826 3124 1088 3193 christicolarum
1110 3125 1212 3193 semel
1234 3126 1268 3192 in
1292 3146 1379 3194 anno
1403 3126 1548 3214 ammas:

369 3231 546 3299 monuimus
569 3238 602 3298 et
623 3232 843 3318 praecipimus
866 3241 901 3299 et
923 3232 1056 3318 dignum
1079 3231 1227 3320 proiecto
1246 3232 1404 3316 dammas,
1427 3240 1466 3301 ut
1487 3255 1550 3319 pro

366 3345 550 3405 nostrorum
579 3337 718 3406 fratrum
748 3338 921 3406 animabus
952 3338 1011 3407 sub
1042 3338 1129 3405 alma
1157 3338 1323 3407 benedicti
1346 3339 1453 3407 iorma
1461 3340 1488 3426 ¹)
1513 3340 1549 3408 in

367 3443 532 3512 caenobiis
561 3444 623 3513 deo
652 3445 862 3513 militantium
895 3446 930 3513 in
965 3446 1083 3513 divinis
1117 3444 1241 3532 aliquid
1274 3445 1440 3533 obsequiis
1473 3446 1549 3534 plus

368 3572 455 3618 more
478 3550 573 3618 solito
595 3574 791 3638 augeamus3
814 3574 952 3635 necnon,
976 3559 1013 3619 ut
1028 3553 1185 3620 memoria
1199 3552 1268 3619 cari
1287 3553 1392 3621 nostri
1406 3555 1548 3641 impera·

367 3659 447 3725 toris
462 3657 597 3725 heinrici
612 3680 686 3726 cnm
702 3659 848 3745 ejusdem
863 3660 1061 3746 praecipuae
1080 3658 1295 3742 caelebretur,
1319 3661 1550 3730 constituimus

368 3764 488 3832 scilicet
517 3764 561 3831 acl
591 3766 732 3851 vigiliam
761 3773 964 3835 mortuorum
992 3774 1068 3853 post
1090 3766 1271 3854 psalmum,
1300 3771 1363 3836 Ad
1381 3771 1549 3838 warinum

367 3896 439 3940 cum
454 3875 646 3955 tribularer,
672 3873 727 3960 qui
742 3880 819 3959 post
838 3873 998 3941 lectiones
1013 3874 1181 3958 recitatur,
1204 3877 1347 3943 Danaine
1368 3877 1454 3962 quati
1464 3878 1549 3944 siaul·

367 3980 511 4066 trplicati
529 3993 607 4047 sanc
627 3979 785 4048 dicamas.
831 3979 889 4047 Aa
919 3980 1100 4047 matutinas
1128 4001 1204 4049 rere
1233 3979 1350 4048 landes
1372 3988 1465 4067 post,
1494 3983 1551 4050 De

360 4087 548 4173 premendis,
578 4089 751 4175 Usqrthuo
773 4090 918 4170 ‹lotarinq
942 4086 1170 4174 adveneras,
1196 4090 1314 4156 Lauda
1335 4092 1452 4157 aniene
1475 4114 1548 4159 mea

367 4193 541 4273 cintreiacum,
566 4194 645 4261 al'isi
665 4198 745 4279 quia
769 4197 929 4273 docrinas,
960 4192 1004 4260 ad
1028 4196 1121 4262 Deus
1143 4195 1284 4263 eruribus
1305 4198 1437 4279 nostra,
1460 4204 1548 4282 post,

367 4300 508 4366 Domine
529 4304 714 4387 resipiant,
746 4302 911 4369 Dominus
933 4305 1108 4388 regirare,
1131 4299 1176 4367 ad
1198 4299 1388 4382 laetaniam.
1419 4303 1548 4382 Jedica

368 4429 417 4474 me
439 4407 527 4476 dens.
561 4405 607 4473 Et
629 4406 679 4473 ita
702 4405 813 4474 <lirina
834 4405 966 4474 favente
979 4405 1098 4493 gratia,
1122 4415 1158 4475 ut
1265 4406 1414 4475 misimus
1436 4429 1549 4478 eorum

368 4520 484 4597 agatur
506 4513 661 4580 memoria
683 4512 875 4599 peremnia
897 4510 1011 4581 sutura
1034 4521 1202 4601 tempora,
1230 4521 1299 4581 tam
1321 4512 1357 4581 in
1379 4512 1549 4602 hocloco,

368 4639 465 4704 quam
487 4618 521 4685 in
544 4618 693 4687 omnibus
716 4618 824 4688 adbuc
845 4617 1106 4706 respicientibus.

457 4798 479 4861 ¹)
497 4798 530 4856 la
547 4796 686 4867 mammet
703 4811 808 4854 norma.
