3792 5375
809 531 1059 593 -135-

413 724 506 798 Cum
534 723 639 798 labor
668 735 724 799 est
752 748 926 799 manuum
956 723 1003 799 ad
1033 722 1146 798 talem
1174 724 1310 801 currite
1337 726 1458 802 ritum

426 879 570 950 cxcii.
595 879 678 946 Cina
695 880 738 947 ad
754 901 838 967 opus
859 901 1016 948 manuum
1032 880 1153 946 exituri
1168 888 1246 949 sunt
1260 882 1393 966 fratres,
1416 883 1527 950 statim

336 997 407 1072 post
432 988 571 1074 primam
600 988 742 1054 dimissis
767 986 984 1054 familiaribus
1008 995 1042 1052 et
1066 993 1192 1071 septem
1215 987 1351 1074 psalmis
1373 990 1528 1058 sacerdo·

336 1095 471 1180 incipiat
500 1094 689 1160 laetaniam.
736 1095 812 1181 Qua
835 1095 942 1177 dicta,
974 1092 1034 1160 sed
1059 1101 1093 1160 et
1115 1096 1279 1162 matutina
1309 1098 1412 1164 missa
1434 1097 1528 1164 finita

336 1210 538 1288 peractoque
561 1200 707 1286 capitulo
731 1200 826 1267 simul
849 1209 980 1276 exeant.
1004 1207 1039 1266 et
1063 1199 1140 1266 dum
1157 1201 1245 1285 illuc,
1269 1201 1326 1268 ubi
1342 1201 1414 1271 fieri
1429 1202 1528 1271 debet

334 1331 433 1393 apum,
467 1307 632 1388 venerint,
668 1307 758 1392 prior
786 1307 922 1393 incipiat
954 1328 1103 1387 uersum,
1134 1309 1229 1375 Dens
1256 1312 1292 1376 in
1322 1314 1526 1399 arisatorim

335 1441 441 1483 namn
465 1418 605 1483 intende.
655 1411 731 1498 Quo
754 1412 1030 1500 respondentibus
1053 1412 1128 1480 aliis
1151 1413 1241 1482 dicto
1263 1416 1373 1499 tertio,
1397 1416 1527 1485 dicutur

338 1525 552 1611 :lifjntarirrm
576 1534 723 1588 nostram
747 1525 782 1588 in
805 1526 934 1588 irorrrinc
948 1523 1098 1602 Domini,
1123 1529 1158 1587 et
1181 1520 1337 1608 deinceps
1359 1523 1416 1610 qui
1425 1524 1452 1611 ¹)
1474 1545 1526 1592 uc·

335 1631 399 1694 tari
436 1637 513 1695 suut
547 1651 629 1714 opus
660 1628 830 1712 incipiant.
876 1626 1028 1713 Cumque
1059 1627 1205 1713 psalmos
1238 1628 1419 1698 familiares
1452 1652 1525 1698 cuni

335 1737 465 1801 cantico
489 1758 588 1802 cursu
613 1734 756 1801 dixerint
779 1736 865 1801 sicut
879 1742 914 1801 et
930 1756 1005 1800 cum
1022 1756 1060 1801 se
1075 1733 1195 1801 radent
1218 1756 1316 1821 agere
1334 1736 1424 1805 soliti
1439 1743 1524 1817 sunt,

336 1845 464 1927 legatur
487 1842 532 1908 ibi
556 1842 654 1909 lectio
677 1841 717 1908 de
733 1840 817 1909 libro
834 1864 899 1926 quo
913 1840 1036 1926 legitur
1059 1842 1094 1908 in
1117 1840 1302 1924 refectorio,
1325 1844 1353 1910 si
1376 1843 1454 1911 tulis
1476 1851 1526 1911 cst

334 1952 389 2036 qui
414 1960 523 2015 tamen
548 1949 590 2015 ad
615 1947 876 2015 aedificationem
901 1948 1085 2034 pertineat3
1108 1959 1141 2015 et
1157 1948 1271 2032 frater,
1295 1950 1352 2037 qui
1366 1950 1412 2017 ad
1427 1950 1525 2019 servi·

334 2070 423 2124 tores
446 2056 503 2122 illa
527 2055 607 2139 legit
630 2054 825 2140 ebdomada,
851 2062 987 2141 portare
1018 2053 1118 2121 debet
1142 2054 1221 2123 illuc
1242 2055 1362 2125 librum
1384 2058 1471 2125 sicut
1491 2058 1526 2125 iu

335 2164 562 2244 refectorium3
593 2170 627 2228 et
651 2162 757 2247 prior,
788 2162 839 2229 rel
869 2163 922 2229 eni
953 2161 1133 2247 injunxerit
1158 2162 1229 2248 ipse
1252 2185 1401 2231 sermone
1423 2163 1526 2232 faeiat

334 2272 375 2338 de
399 2270 551 2349 lectione,
582 2269 738 2335 fratribus
763 2268 893 2335 interim
917 2266 1175 2355 quiescentibus.
1221 2269 1349 2338 Iterum
1371 2293 1455 2357 opus
1476 2271 1525 2339 in·

334 2379 458 2464 cipiant
489 2386 522 2443 et
552 2375 787 2462 psalmodiam,
823 2398 921 2461 «quam
952 2398 1027 2443 cnm
1058 2376 1203 2444 armario
1233 2378 1326 2463 prior
1352 2378 1524 2462 inruerit,

334 2485 452 2570 quibus
488 2482 694 2550 solummodo
728 2482 818 2569 loqui
851 2483 980 2550 licitum
1015 2491 1069 2550 cst
1101 2482 1164 2569 ibi3
1203 2482 1308 2551 donec
1340 2484 1526 2554 revertendi

333 2604 463 2678 tempus
486 2592 510 2679 ][
534 2591 730 2670 occurrerit,
761 2598 906 2656 cantent.
953 2588 1038 2656 Cum
1066 2598 1178 2658 antem
1202 2591 1324 2658 reuersi
1346 2590 1470 2660 fuerim
1491 2592 1525 2660 in

333 2703 524 2783 claustrum,
548 2698 636 2766 dicto
652 2720 748 2765 uersu
772 2699 884 2765 statim
908 2698 1097 2785 loquantur.
1129 2697 1206 2766 Tali
1228 2699 1336 2782 modo,
1360 2721 1435 2767 cum
1449 2706 1526 2786 post
1551 2717 1555 2723 ’

333 2829 453 2874 nonam
478 2829 561 2892 opus
583 2827 737 2873 manuum
762 2805 927 2891 egressuri
950 2814 1039 2886 sunt,
1063 2803 1200 2876 faciant

423 2915 594 2981 Exeuntes
617 2920 728 2980 autem
750 2921 827 2999 post
848 2935 968 2980 nonam
992 2911 1174 2980 familiares
1196 2911 1314 2999 paulini
1329 2912 1372 2982 de
1387 2935 1525 3001 vespera

333 3023 484 3107 primitus
508 3020 705 3105 decantent;
728 3020 786 3087 sed
810 3029 844 3088 et
865 3020 908 3087 de
931 3019 1084 3086 omnibus
1107 3020 1241 3105 sanctis,
1265 3026 1299 3087 et
1321 3030 1524 3091 mortuorum

333 3151 487 3215 resperas
510 3150 584 3195 cum
608 3127 725 3212 officio,
749 3134 784 3196 et
804 3129 900 3195 Deus
913 3128 1067 3208 cratibus,
1091 3135 1125 3193 et
1140 3125 1266 3194 faciant
1280 3135 1359 3195 aute
1374 3136 1409 3196 et
1422 3136 1522 3214 rouo,

331 3244 449 3323 postea
482 3239 699 3325 Amictorium
737 3247 897 3303 nostram.
951 3231 1047 3300 'l’uuc
1082 3232 1285 3301 solummodo
1312 3233 1521 3307 inclinentur.

333 3344 538 3429 Reversique
561 3343 603 3409 de
626 3340 803 3409 collatione
825 3340 937 3427 legant
959 3340 1077 3425 lectio;
1099 3362 1248 3409 sennone
1263 3341 1364 3409 etiam
1379 3340 1523 3410 breviter

332 3451 432 3533 facto,
458 3449 548 3517 dicto
570 3470 667 3516 versu
689 3447 878 3534 loquantur.

422 3555 490 3625 Sed
526 3579 599 3623 cum
629 3557 664 3623 in
694 3555 748 3622 die
778 3554 878 3623 semel
909 3554 1031 3621 exituri
1062 3561 1140 3622 sunt
1168 3554 1213 3622 ud
1242 3576 1325 3642 opus
1353 3575 1520 3637 manuum,

211 3742 215 3747 ⁴
331 3689 404 3732 eum
427 3666 550 3731 reversi
578 3664 702 3731 fuerint
730 3663 762 3729 in
793 3661 990 3743 claustrum,
1021 3660 1064 3728 de
1095 3660 1341 3744 collationibus,
1372 3659 1423 3729 vel
1453 3661 1522 3729 rita

330 3782 461 3860 patrum
485 3772 595 3856 lectio,
627 3790 777 3837 sermone
800 3771 898 3835 etiam
922 3768 1024 3853 facto,
1048 3766 1138 3835 dicto
1161 3789 1257 3835 versu
1280 3766 1520 3855 colloquantur.

421 3879 456 3949 Si
486 3879 530 3947 ad
553 3880 727 3966 pistrinum
751 3875 877 3943 radunt
909 3873 1129 3961 psalmodiam
1152 3873 1195 3942 de
1217 3875 1324 3961 laima
1343 3880 1521 3962 propterea

331 4011 396 4056 non
420 3987 602 4055 dimittunt.
642 3983 761 4071 Neque
784 3980 1025 4052 revertentibus
1047 3980 1146 4048 lectio
1167 3979 1296 4067 legitur,
1319 3980 1377 4048 sed
1400 3980 1520 4049 solnm·

332 4094 428 4161 modo
445 4092 535 4159 dicto
552 4112 646 4159 rersu
663 4090 740 4157 lotis
755 4089 907 4157 manibus
921 4090 964 4158 ad
981 4087 1240 4156 ecclesiasticum
1256 4110 1338 4175 opus
1351 4094 1518 4174 aptentur.

846 4271 1007 4281 ..τοο-η·-

338 4492 340 4496 ¹
420 4393 568 4481 Explicit
590 4392 714 4480 primus
737 4391 823 4461 liber
844 4392 930 4460 bone
953 4389 1199 4457 consuetudinis
1222 4397 1321 4477 atquc
1339 4390 1519 4459 monastice

329 4502 545 4570 rectitudinis.
592 4499 716 4588 Incipit
737 4499 824 4569 liber
845 4497 1019 4569 secundus.

420 4699 442 4768 Ι)
461 4699 495 4757 fn
514 4704 609 4756 textu:
627 4695 709 4771 quod.

1614 2614 1708 2657 feld&
