3792 5375
874 501 1257 568 -112-'

496 693 608 766 CXV.
639 695 681 762 In
700 694 826 781 jejunio
849 702 1007 781 quattuor
1029 702 1214 784 temporum
1231 696 1315 764 leria
1330 704 1452 783 quarta
1467 696 1593 766 iaciant

405 804 647 890 processionem
677 801 774 870 sicuti
797 801 885 869 soliti
909 811 995 871 sunt.
1042 803 1216 872 Lectiones
1239 802 1358 871 ambae
1379 801 1535 888 legantur
1556 806 1591 874 in

296 958 299 964 -
405 918 483 978 tono
513 909 608 977 sicuti
634 907 784 995 epistola.
829 907 1086 995 Responsorium
1110 910 1152 977 ad
1175 932 1443 998 unamquamque
1466 909 1590 979 dicant.

405 1017 550 1104 Adipem
572 1016 644 1082 istis
666 1015 771 1083 tribus
793 1014 909 1083 diebus
933 1038 994 1084 nec
1017 1017 1234 1087 commodant
1270 1016 1375 1087 Sexta
1397 1018 1481 1085 feria
1503 1018 1590 1086 simi·

249 1147 313 1182 ···
404 1124 479 1191 liter
506 1123 531 1210 ][
555 1131 658 1208 agant
684 1123 936 1209 processionem.
983 1121 1131 1191 Sabbata
1161 1131 1236 1209 post
1266 1130 1412 1208 emtam,
1447 1146 1523 1192 mox
1553 1131 1592 1193 ut

404 1230 570 1297 audierint
600 1230 744 1314 signum,
774 1235 928 1313 surgant,
959 1237 993 1296 et
1014 1230 1209 1316 provideant
1231 1230 1487 1299 necessitatibus
1510 1232 1589 1315 auis,

403 1338 513 1404 levent
535 1358 653 1402 manns
676 1343 710 1403 et
731 1334 845 1419 iacies,
869 1343 947 1402 eant
969 1336 1003 1402 in
1027 1336 1219 1405 aecclesiam
1241 1337 1336 1424 pueri
1351 1336 1476 1424 absque
1491 1337 1589 1404 ullius

403 1447 512 1512 sonitu
535 1450 569 1509 et
592 1449 688 1509 orent
709 1440 813 1509 simul.
859 1439 1038 1528 Surgentes
1054 1443 1233 1530 praecedat
1246 1441 1413 1512 Sacerdos
1428 1444 1462 1510 in
1479 1466 1589 1512 secra·

402 1552 487 1619 rium
518 1559 552 1618 et
580 1548 699 1616 induat
728 1570 764 1616 se
793 1549 936 1632 casulla,
968 1548 1127 1618 diaconus
1150 1550 1227 1618 alba
1250 1558 1284 1621 et
1307 1549 1394 1618 stola
1416 1556 1451 1618 et
1474 1559 1590 1620 cantor

401 1658 521 1725 sesdat
543 1677 579 1723 se
602 1677 725 1742 cappa3
749 1661 905 1742 quattuor
920 1657 1039 1724 fratres
1054 1656 1148 1742 albis,
1171 1679 1310 1745 quorum
1327 1657 1394 1725 dno
1410 1656 1590 1727 decantent

402 1764 678 1845 benedictionem,
714 1762 769 1829 alii
805 1762 872 1829 duo
901 1770 1045 1832 tractum
1080 1772 1113 1831 et
1143 1786 1337 1847 conversus,
1373 1765 1430 1850 qui
1459 1763 1589 1833 deserat

402 1870 635 1940 caudelabrum
659 1876 693 1938 et
715 1869 858 1937 infantes
881 1892 995 1938 omnes
1018 1871 1221 1939 circumdant
1244 1893 1280 1939 se
1295 1870 1393 1942 albia.
1423 1870 1589 1939 Laetauia

400 2001 466 2046 non
489 1977 621 2044 dicatur
641 1978 675 2043 in
697 1975 760 2042 bac
783 1976 892 2058 missa,
903 1976 929 2062 ¹)
952 1985 986 2044 et
1004 1976 1079 2045 ibeo
1099 1983 1135 2044 ut
1153 1983 1354 2066 praeparata
1374 1986 1452 2046 sunt
1466 1980 1605 2062 omnia,¹

402 2086 513 2154 veniat
527 2091 647 2152 cantor
668 2085 702 2150 in
726 2082 836 2164 choro,
855 2090 890 2150 et
903 2083 1042 2169 incipiat
1057 2084 1210 2157 officium
1245 2083 1412 2154 Sacerdos
1427 2085 1589 2172 procedat

399 2193 442 2261 ad
466 2192 584 2274 altare,
608 2198 682 2258 oret
703 2198 738 2258 ct
760 2197 838 2276 agat
860 2191 1096 2258 consessionem
1119 2215 1193 2260 cum
1215 2192 1338 2261 laevita
1352 2199 1388 2260 et
1402 2200 1482 2260 tunc
1497 2192 1589 2262 dicat

403 2303 544 2369 Occasus
566 2307 601 2366 et
623 2298 807 2382 collectam,
829 2299 914 2364 sicut
934 2299 970 2365 in
994 2307 1272 2368 sacramentomm
1288 2299 1477 2368 continetur
1490 2299 1587 2370 libro.

399 2407 575 2475 Lectiones
596 2407 709 2491 legant
730 2406 872 2473 infantes
895 2405 1044 2494 inprimis
1061 2407 1209 2493 juniores
1224 2417 1259 2476 et
1272 2406 1485 2495 postmodum
1499 2409 1586 2495 prio·

399 2538 468 2583 res:
493 2514 641 2582 similiter
662 2514 871 2599 responsoria
894 2512 1072 2581 decantent
1094 2513 1137 2581 ab
1160 2537 1225 2582 uno
1247 2514 1426 2601 incipiente
1449 2521 1588 2602 etpost·

399 2622 530 2690 modum
553 2628 707 2690 cantores
729 2621 765 2687 in
787 2619 887 2689 choro
909 2630 1063 2707 repetant
1084 2622 1245 2709 acapite,
1275 2628 1389 2691 tamen
1411 2621 1455 2690 ab
1477 2621 1550 2710 ipso
1562 2622 1588 2710 ¹)
1636 2694 1639 2701 ,

399 2729 470 2798 εοΙο
493 2729 627 2796 liniatur
649 2750 771 2809 versus,
782 2728 809 2816 ¹)
832 2750 853 2794 a
876 2751 940 2813 (pue
964 2736 1100 2814 caeptue
1123 2738 1183 2800 est
1215 2729 1313 2798 Duae
1331 2728 1493 2798 candelae
1509 2737 1586 2799 ante

399 2836 516 2918 altare,
539 2843 577 2903 ut
600 2834 715 2902 diebus
737 2836 884 2921 privatis,
908 2835 1141 2905 accendantur.
1152 2837 1179 2925 ¹)
1224 2837 1413 2919 Lectiones,
1443 2841 1587 2907 Locutus

149 2960 183 3001 a>
202 2957 373 3008 termut
400 2941 673 3035 estDomirues.(⁸l
694 2942 962 3028 Responsorium,
977 2947 1151 3012 Protector
1161 2958 1279 3014 noster.
1303 2943 1433 3029 Iaectia
1445 2947 1586 3014 Locutio

159 3122 183 3153 Β,
248 3030 283 3070 '³'
309 3116 352 3159 m
400 3063 448 3118 est
463 3049 677 3119 notumne>
697 3048 966 3136 Responsorium,
978 3054 1146 3139 Propitius
1155 3051 1180 3137 ¹)
1196 3067 1272 3123 esto.
1298 3050 1427 3136 Lectio,
1444 3054 1587 3123 Dauniae

148 3124 157 3161 ί
175 3142 185 3163 ’
201 3117 306 3230 Le'iix
354 3116 374 3168 ι’
400 3154 648 3226 devenustent)
659 3154 1290 3243 Responsorium,CotuucrtereDonu'ue.
1306 3156 1584 3241 Lectiufacum

149 3282 182 3325 a>
198 3277 371 3328 ”kb-vnde
399 3278 449 3332 est
484 3268 622 3332 uerbtuu
661 3262 849 3331 Dominae)
900 3263 1168 3351 Responsorium,
1210 3268 1409 3353 Dirutatur.
1456 3263 1584 3349 Lectio,

149 3372 185 3414 (ὓ
203 3367 372 3419 ²·‘l⁸'·l'¹¹¹‘
399 3373 554 3458 Angelus
578 3369 763 3450 Domana>
790 3368 922 3456 legatur
950 3393 1072 3458 usque,
1101 3375 1152 3439 ad
1171 3374 1339 3442 cherubim
1370 3383 1405 3437 et
1429 3386 1584 3459 superex-

184 3534 213 3571 e>
229 3442 290 3570 [ζ’.
303 3528 346 3580 u„
399 3479 541 3545 altanum
571 3481 607 3544 iu
633 3479 777 3545 saecula.
822 3475 917 3544 Tunc
938 3486 1159 3565 prosequetur
1180 3477 1366 3547 benedictio
1389 3499 1455 3565 quo
1477 3479 1586 3548 minor

222 3600 310 3641 Μ·
400 3592 467 3652 est:
498 3605 566 3669 qua
594 3590 730 3670 peracta
760 3584 870 3651 veniat
899 3584 1054 3653 sacerdos
1084 3585 1128 3653 ad
1151 3584 1274 3670 altare,
1304 3584 1398 3654 dicat
1421 3588 1585 3656 Doruiaus

399 3695 576 3773 erubescam,
601 3696 636 3758 et
650 3691 843 3775 orationem,
867 3695 959 3759 Deus
975 3697 1034 3780 qrui
1047 3696 1153 3762 tribio
1162 3707 1357 3781 puerorum.
1392 3691 1492 3761 Aliae
1506 3715 1585 3762 vero

400 3799 530 3865 minime
547 3796 799 3885 subsequantur.
831 3796 937 3866 Lecta
952 3797 1092 3886 epistola
1106 3808 1239 3886 promat
1252 3806 1409 3886 tractum,
1432 3803 1585 3871 Laudate

399 3909 578 3973 Duntiuum
602 3929 712 3973 ortatus
720 3918 848 3991 gaules.
880 3903 1021 3973 Textum
1037 3906 1195 3989 osculare,
1218 3915 1252 3976 et
1267 3906 1471 3975 offerendam
1486 3928 1585 3995 agere

399 4009 603 4079 solummodo
626 4010 730 4078 abbas
752 4010 863 4093 saciat,
887 4011 938 4078 vel
962 4013 1014 4079 cui
1030 4013 1176 4099 jusserit.
1207 4013 1262 4081 Illi
1278 4020 1437 4099 qnaduor
1452 4013 1583 4100 snum,

399 4120 454 4204 qui
470 4125 649 4185 cantarunt
665 4117 922 4186 benedictionem
942 4128 1043 4207 atque
1057 4125 1211 4204 tractum,
1227 4120 1352 4208 absque
1366 4119 1437 4188 nlla
1451 4120 1585 4190 licentia

400 4231 523 4292 exuant
537 4244 583 4294 se.
615 4223 737 4293 Pacem
752 4246 837 4291 unus
852 4226 1004 4313 accipiat.
1048 4225 1084 4295 Si
1100 4227 1270 4294 duodecim
1285 4227 1445 4296 lectioms
1460 4227 1585 4297 luerint

399 4331 470 4419 ipso
493 4330 548 4398 die
557 4329 584 4418 ¹)
615 4330 657 4399 dc
684 4331 795 4417 aliquo
825 4341 958 4416 sancto,
991 4332 1035 4400 nd
1066 4333 1164 4401 istam
1186 4336 1320 4402 missam
1341 4355 1411 4403 non
1433 4335 1585 4403 mittatur

398 4438 461 4505 nisi
484 4457 552 4505 una
573 4437 693 4520 hostia,
717 4445 751 4505 et
773 4439 867 4524 pueri
889 4440 983 4524 nec¹)
1005 4439 1187 4525 procedant
1210 4440 1254 4509 ad
1269 4439 1450 4510 tenendum
1465 4461 1584 4529 corpus

488 4667 647 4740 ,M
