3792 5375
922 512 1143 574 ..93-

442 704 642 772 matutinalis
654 705 691 793 (l)
712 704 864 770 dicantur
875 705 911 787 (ἲ)
927 702 969 769 de
984 702 1049 770 alio
1064 709 1181 768 sancto
1195 702 1223 767 si
1239 699 1392 779 adiuerit,
1416 699 1521 785 major
1543 719 1621 765 raro

442 811 483 879 de
505 820 700 899 praenotato
723 810 822 878 beato
846 817 879 876 et
902 831 1014 875 omnes
1036 807 1156 874 levitae
1179 815 1280 892 atque
1303 805 1490 873 sacerdotes
1509 805 1621 872 amicti

442 919 507 985 sint
529 918 653 1004 cappis.
688 916 849 998 Officium,
875 918 1001 983 statari!
1023 919 1055 981 a·
1074 918 1235 982 clotarium.
1274 910 1437 999 Epistola,
1460 917 1568 981 Plura
1581 913 1620 1000 (1)

192 1047 223 1087 a:
233 1044 414 1094 uesavusta
436 1030 533 1111 sacti
543 1040 621 1092 srrnt
634 1028 830 1091 sacerdotes.
836 1025 868 1071 (⁸³
908 1021 1135 1105 Evangelium,
1161 1023 1267 1087 Homo
1282 1024 1417 1107 qnidam
1427 1019 1621 1106 peragrasti

193 1135 226 1176 0>
244 1133 328 1174 mh·
344 1132 413 1180 W·
441 1130 588 1218 Vespere
611 1136 713 1215 agant
735 1128 776 1195 de
799 1127 1051 1214 consessoribus.

289 1205 323 1245 u.

528 1237 567 1305 Ο.
606 1237 734 1304 Octava
763 1236 869 1302 sancti
899 1234 1052 1301 laurentii
1081 1232 1222 1300 efficiant
1251 1232 1424 1312 duodecim
1451 1232 1620 1301 lectiones.

441 1344 498 1412 Ad
520 1345 741 1411 imitatorium
768 1341 833 1407 duo
858 1340 978 1407 fratres
1008 1341 1040 1407 iu
1065 1339 1166 1424 albis,
1196 1342 1317 1417 Jasms
1328 1342 1476 1427 florebat.
1522 1339 1621 1405 Anti·

440 1451 550 1537 phona
572 1459 606 1517 et
628 1451 834 1538 responsoria
858 1451 946 1516 sicut
969 1471 1070 1536 snpra
1093 1450 1127 1514 in
1151 1449 1221 1532 ejus
1251 1469 1391 1517 sacrum.
1438 1447 1525 1514 Nam
1558 1447 1619 1514 sci·

440 1580 522 1640 nius,
545 1558 624 1643 quia
646 1556 727 1622 haee
754 1557 907 1642 repetitio
936 1555 1034 1639 hujus
1063 1555 1249 1621 festivitatis
1279 1554 1365 1620 inira
1397 1561 1515 1621 oetam
1544 1553 1620 1620 hea-

440 1665 584 1730 tissimae
606 1663 730 1729 mariae
753 1664 870 1731 evenit.
909 1662 1086 1729 Lectiones
1101 1661 1213 1747 legant
1229 1660 1271 1727 de
1287 1667 1474 1728 sanctorum
1489 1668 1619 1747 patrum

439 1779 523 1852 octo,
546 1770 754 1856 responsoria
777 1776 915 1836 cantent
937 1769 979 1835 de
1002 1767 1145 1854 praefati
1162 1769 1267 1834 sancti
1282 1768 1438 1854 hystoria.
1451 1758 1505 1834 Ὶιι
1521 1766 1620 1834 laude
1668 1808 1669 1811 =

439 1877 601 1943 matutina
624 1877 766 1962 quinque
789 1874 987 1962 antiphonas
1011 1881 1173 1961 promant,
1197 1881 1232 1941 et
1252 1875 1386 1941 missam
1402 1874 1560 1960 majorem
1576 1872 1620 1940 ad

438 1984 571 2050 tertiam
594 2005 634 2049 ex
657 2004 696 2050 eo
719 1991 829 2068 agant.
876 1979 1045 2065 Officium,
1077 1985 1219 2050 Daarine
1244 1984 1402 2070 probasti
1422 2004 1479 2050 cor
1501 2006 1620 2050 arreum.

191 2111 221 2154 (a
232 2109 265 2152 1¹·
275 2109 329 2151 eae.
339 2108 411 2159 ¹1&
438 2089 604 2171 Collecta,
643 2094 765 2158 Exciso
795 2094 933 2158 dorrrr'nr.
981 2089 1149 2178 Epistola,
1190 2091 1259 2170 Qui
1286 2103 1394 2176 parce
1426 2090 1619 2157 seminans)

439 2196 712 2283 Responmnom,
747 2199 888 2265 Damia-
915 2199 1133 2285 praevenisti.
1180 2200 1346 2284 Allcltq‘a,
1383 2198 1450 2263 Hic
1473 2210 1522 2264 cs!
1544 2219 1622 2265 vere

439 2320 581 2388 rrrararr.
626 2304 842 2390 Evangelium
871 2303 967 2370 sicuti
994 2304 1028 2369 in
1050 2304 1120 2389 ejus
1150 2303 1261 2388 vigilia
1290 2301 1447 2386 habetur,
1487 2305 1622 2392 Siquis

197 2430 234 2475 co
251 2429 308 2471 ue
323 2428 362 2481 u,
378 2430 412 2471 ts
441 2413 605 2500 asclepas!
627 2411 725 2479 nasu
769 2409 966 2497 Offerenda,
1004 2415 1044 2478 In
1067 2416 1191 2479 virtute
1211 2425 1280 2479 trra.
1325 2409 1537 2494 Communia,
1561 2413 1621 2478 Pa

438 2520 538 2585 suisti
557 2520 703 2599 darana
725 2525 759 2584 et
777 2518 803 2583 si
827 2516 910 2584 haec
932 2523 1049 2584 octava
1076 2516 1129 2583 die
1154 2515 1316 2584 dominico
1340 2516 1525 2599 advenerit,
1554 2515 1621 2584 loc·

438 2626 542 2692 tiones
564 2632 639 2693 octo
661 2624 813 2710 legantur
827 2623 869 2692 de
884 2625 957 2711 ipso
972 2624 1071 2692 beato
1087 2631 1121 2692 et
1136 2623 1200 2691 alie
1215 2631 1372 2712 quattuor
1387 2624 1428 2691 de
1444 2623 1619 2693 dominica.

439 2731 594 2800 Homelia
615 2732 762 2818 ejusdem
784 2731 859 2799 diei.
911 2730 1102 2817 Sequuntur
1132 2730 1341 2799 matutinales
1371 2731 1487 2800 laudes
1516 2732 1621 2819 ipsias

439 2838 661 2907 dominicales.
708 2838 763 2905 Ad
794 2832 975 2919 collectam,
1005 2847 1158 2925 repetant
1181 2838 1396 2925 antiphonam
1418 2861 1492 2907 cum
1514 2838 1621 2925 gloria

439 2945 482 3013 de
492 2945 642 3033 praefato
654 2954 780 3025 sancto,
796 2945 872 3012 dein
888 2954 1041 3032 pronmnt
1054 2945 1268 3031 antiphonam
1280 2944 1322 3011 de
1334 2953 1450 3013 sancta
1461 2946 1620 3032 maria;¹)

440 3053 517 3119 etsi
532 3073 710 3136 congruum
726 3052 856 3119 ridetur
871 3052 1003 3118 tertium
1019 3058 1214 3119 nocturnum
1231 3051 1291 3119 fiat
1307 3050 1348 3118 de
1364 3060 1481 3120 sancta
1496 3053 1619 3119 maria:

440 3158 541 3244 ipsias
564 3180 641 3226 reru
665 3157 817 3225 dominici
847 3158 912 3224 diei
941 3165 1060 3243 agatur
1088 3160 1188 3226 missa
1211 3159 1244 3224 in
1268 3158 1469 3244 quotidianis
1493 3158 1619 3229 diebos.

537 3375 700 3474 Virginis
730 3385 957 3474 assumptum
984 3376 1104 3450 cuncti
1133 3376 1185 3451 sie
1213 3375 1333 3451 ducite
1361 3399 1513 3452 meeum.

529 3532 587 3601 01.
611 3531 735 3618 Vigilia
759 3533 1005 3619 Assumptiunis
1029 3541 1164 3600 sanctae
1187 3534 1319 3601 asanaa.
1365 3532 1457 3602 Ante
1480 3534 1620 3621 primam

440 3645 598 3707 ornentur
619 3640 808 3722 aecclesiae,
832 3638 909 3705 hinc
932 3647 966 3707 et
982 3641 1058 3707 inde
1073 3642 1217 3726 parietes
1232 3640 1366 3706 cortinis
1382 3661 1485 3708 necne
1499 3640 1619 3728 palliis.

440 3745 552 3814 Charo
580 3753 656 3833 post
684 3746 784 3813 dorsa
812 3745 952 3814 fratrum
987 3747 1258 3833 incircumapteat
1286 3746 1457 3829 bancalia,
1491 3748 1526 3813 in
1555 3747 1621 3815 iar·

440 3853 536 3919 mulis
564 3855 707 3939 tapetia:
747 3854 866 3921 altaria
895 3855 1045 3921 ordinent
1077 3855 1144 3920 suis
1172 3854 1390 3921 ornamentist
1430 3856 1464 3920 in
1487 3855 1620 3941 majoris

441 3980 552 4025 omnes
573 3958 676 4026 libros
698 3968 834 4046 paratos
850 3982 930 4028 auro
955 3967 1055 4045 atque
1079 3967 1215 4046 argento
1236 3968 1372 4048 ponant,
1398 3968 1432 4028 et
1447 3959 1621 4029 duodecim

441 4064 578 4132 candele
612 4074 690 4133 ante
724 4068 840 4152 ipsum.
886 4066 1115 4153 Phylacterias
1144 4076 1244 4154 atque
1274 4089 1414 4135 coronas
1436 4089 1564 4136 necnon
1586 4077 1621 4137 et

441 4193 552 4238 cassas
575 4193 691 4238 aureas
714 4174 747 4239 in
771 4175 914 4259 perticae
944 4173 1095 4239 huncinis
1126 4176 1260 4242 mittant
1289 4182 1323 4242 et
1351 4175 1433 4261 ipsi,
1471 4175 1527 4262 qui
1557 4174 1620 4244 hoc

441 4278 620 4364 adaptant,
649 4278 734 4345 albis
761 4280 867 4347 induti
891 4280 966 4349 sint.
1013 4278 1159 4347 Basilica
1186 4287 1321 4349 sanctae
1351 4282 1475 4348 mariae
1497 4281 1621 4368 optime

442 4383 615 4451 decoretur
637 4393 705 4451 tam
727 4386 836 4473 palliis
859 4408 957 4471 apuam
980 4384 1186 4472 phanonibus
1215 4410 1296 4456 auro
1325 4390 1436 4459 textis.
1479 4386 1621 4456 Sedilias

442 4490 577 4576 capituli
593 4491 745 4558 bancalia
761 4493 931 4563 storniant.
968 4492 1182 4561 Reiectorarii
1201 4494 1350 4563 similiter
1365 4517 1442 4564 suas
1458 4494 1622 4582 accipiant

533 4667 555 4740 Ι)
573 4666 667 4725 Verba
683 4685 716 4726 a:
736 4669 922 4739 ,manontes
942 4687 1028 4741 usque
1047 4671 1098 4741 „de
1116 4677 1211 4757 saneta
1229 4673 1332 4729 maria·
1351 4673 1381 4730 hu
1397 4672 1514 4731 &sura
