<?xml version="1.0" encoding="UTF-8"?>
<!DOCTYPE html PUBLIC "-//W3C//DTD XHTML 1.0 Transitional//EN"
    "http://www.w3.org/TR/xhtml1/DTD/xhtml1-transitional.dtd">
<html xmlns="http://www.w3.org/1999/xhtml" xml:lang="en" lang="en">
 <head>
  <title>
</title>
<meta http-equiv="Content-Type" content="text/html;charset=utf-8" />
  <meta name='ocr-system' content='tesseract 3.04.00' />
  <meta name='ocr-capabilities' content='ocr_page ocr_carea ocr_par ocr_line ocrx_word'/>
</head>
<body>
  <div class='ocr_page' id='page_1' title='image "./consuetudinesmo00albegoog_0159.png"; bbox 0 0 3792 5375; ppageno 0'>
   <div class='ocr_carea' id='block_1_1' title="bbox 747 482 1087 579">
    <p class='ocr_par' dir='ltr' id='par_1_1' title="bbox 747 482 1087 579">
     <span class='ocr_line' id='line_1_1' title="bbox 747 482 1087 579; baseline 0.006 -37"><span class='ocrx_word' id='word_1_1' title='bbox 747 482 1087 579; x_wconf 11' lang='grc'>1-48*</span> 
     </span>
    </p>
   </div>
   <div class='ocr_carea' id='block_1_2' title="bbox 377 666 1570 4164">
    <p class='ocr_par' dir='ltr' id='par_1_2' title="bbox 377 666 1570 4164">
     <span class='ocr_line' id='line_1_2' title="bbox 383 666 1569 757; baseline -0.007 -15"><span class='ocrx_word' id='word_1_2' title='bbox 383 677 495 757; x_wconf 86' lang='lat' dir='ltr'><strong>luerit,</strong></span> <span class='ocrx_word' id='word_1_3' title='bbox 525 671 637 738; x_wconf 73' lang='lat' dir='ltr'><strong>&lt;licant</strong></span> <span class='ocrx_word' id='word_1_4' title='bbox 658 673 693 737; x_wconf 91' lang='lat' dir='ltr'><strong>in</strong></span> <span class='ocrx_word' id='word_1_5' title='bbox 717 673 838 738; x_wconf 88' lang='lat' dir='ltr'><strong>altum:</strong></span> <span class='ocrx_word' id='word_1_6' title='bbox 862 673 1044 738; x_wconf 87' lang='lat' dir='ltr'><strong>orationem</strong></span> <span class='ocrx_word' id='word_1_7' title='bbox 1067 670 1266 738; x_wconf 76' lang='lat' dir='ltr'><strong>dominicam</strong></span> <span class='ocrx_word' id='word_1_8' title='bbox 1290 677 1323 737; x_wconf 92' lang='lat' dir='ltr'><strong>et</strong></span> <span class='ocrx_word' id='word_1_9' title='bbox 1348 690 1484 755; x_wconf 84' lang='lat' dir='ltr'><strong>praeces</strong></span> <span class='ocrx_word' id='word_1_10' title='bbox 1507 666 1569 734; x_wconf 86' lang='lat' dir='ltr'><strong>sub</strong></span> 
     </span>
     <span class='ocr_line' id='line_1_3' title="bbox 383 775 1569 865; baseline -0.007 -17"><span class='ocrx_word' id='word_1_11' title='bbox 383 784 522 851; x_wconf 87' lang='lat' dir='ltr'><strong>silentio.</strong></span> <span class='ocrx_word' id='word_1_12' title='bbox 568 779 603 846; x_wconf 90' lang='lat' dir='ltr'><strong>Si</strong></span> <span class='ocrx_word' id='word_1_13' title='bbox 626 779 682 865; x_wconf 79' lang='lat' dir='ltr'><strong>qui</strong></span> <span class='ocrx_word' id='word_1_14' title='bbox 719 778 865 863; x_wconf 82' lang='lat' dir='ltr'><strong>indigent</strong></span> <span class='ocrx_word' id='word_1_15' title='bbox 896 779 1110 846; x_wconf 84' lang='lat' dir='ltr'><strong>nocturnales</strong></span> <span class='ocrx_word' id='word_1_16' title='bbox 1140 799 1161 844; x_wconf 92' lang='lat' dir='ltr'><strong>a</strong></span> <span class='ocrx_word' id='word_1_17' title='bbox 1192 777 1375 846; x_wconf 84' lang='lat' dir='ltr'><strong>camerario</strong></span> <span class='ocrx_word' id='word_1_18' title='bbox 1403 775 1569 860; x_wconf 79' lang='lat' dir='ltr'>accipiant</span> 
     </span>
     <span class='ocr_line' id='line_1_4' title="bbox 382 880 1568 974; baseline -0.008 -17"><span class='ocrx_word' id='word_1_19' title='bbox 382 885 583 974; x_wconf 79' lang='lat' dir='ltr'><strong>redden][tes</strong></span> <span class='ocrx_word' id='word_1_20' title='bbox 605 895 794 968; x_wconf 70' lang='lat' dir='ltr'><strong>veteranos,</strong></span> <span class='ocrx_word' id='word_1_21' title='bbox 818 887 896 972; x_wconf 76' lang='lat' dir='ltr'><strong>qiua</strong></span> <span class='ocrx_word' id='word_1_22' title='bbox 919 885 1088 952; x_wconf 79' lang='lat' dir='ltr'>diurnales</span> <span class='ocrx_word' id='word_1_23' title='bbox 1104 884 1177 973; x_wconf 77' lang='lat' dir='ltr'><strong>jana</strong></span> <span class='ocrx_word' id='word_1_24' title='bbox 1206 885 1302 952; x_wconf 86' lang='lat' dir='ltr'><strong>sinnrl</strong></span> <span class='ocrx_word' id='word_1_25' title='bbox 1326 884 1360 950; x_wconf 91' lang='lat' dir='ltr'><strong>in</strong></span> <span class='ocrx_word' id='word_1_26' title='bbox 1383 880 1568 969; x_wconf 86' lang='lat' dir='ltr'><strong>praephato</strong></span> 
     </span>
     <span class='ocr_line' id='line_1_5' title="bbox 382 987 1568 1079; baseline -0.008 -16"><span class='ocrx_word' id='word_1_27' title='bbox 382 997 452 1063; x_wconf 84' lang='lat' dir='ltr'><strong>loeo</strong></span> <span class='ocrx_word' id='word_1_28' title='bbox 482 1002 706 1078; x_wconf 85' lang='lat' dir='ltr'><strong>susceperuut.</strong></span> <span class='ocrx_word' id='word_1_29' title='bbox 754 992 838 1059; x_wconf 88' lang='lat' dir='ltr'><strong>Post</strong></span> <span class='ocrx_word' id='word_1_30' title='bbox 866 993 1062 1079; x_wconf 82' lang='lat' dir='ltr'><strong>capitulum,</strong></span> <span class='ocrx_word' id='word_1_31' title='bbox 1093 991 1334 1079; x_wconf 85' lang='lat' dir='ltr'><strong>aliquantulum</strong></span> <span class='ocrx_word' id='word_1_32' title='bbox 1358 987 1568 1056; x_wconf 73' lang='lat' dir='ltr'><strong>interuallum</strong></span> 
     </span>
     <span class='ocr_line' id='line_1_6' title="bbox 381 1095 1568 1185; baseline -0.008 -15"><span class='ocrx_word' id='word_1_33' title='bbox 381 1102 514 1183; x_wconf 85' lang='lat' dir='ltr'><strong>laetum,</strong></span> <span class='ocrx_word' id='word_1_34' title='bbox 538 1106 654 1165; x_wconf 86' lang='lat' dir='ltr'><strong>sonent</strong></span> <span class='ocrx_word' id='word_1_35' title='bbox 677 1100 803 1185; x_wconf 77' lang='lat' dir='ltr'><strong>signum</strong></span> <span class='ocrx_word' id='word_1_36' title='bbox 820 1099 864 1166; x_wconf 90' lang='lat' dir='ltr'><strong>ad</strong></span> <span class='ocrx_word' id='word_1_37' title='bbox 880 1100 1110 1167; x_wconf 74' lang='lat' dir='ltr'><strong>matutinalem</strong></span> <span class='ocrx_word' id='word_1_38' title='bbox 1134 1100 1265 1165; x_wconf 85' lang='lat' dir='ltr'><strong>missam</strong></span> <span class='ocrx_word' id='word_1_39' title='bbox 1290 1119 1350 1185; x_wconf 85' lang='lat' dir='ltr'><strong>pro</strong></span> <span class='ocrx_word' id='word_1_40' title='bbox 1366 1095 1568 1163; x_wconf 77' lang='lat' dir='ltr'><strong>adunatione</strong></span> 
     </span>
     <span class='ocr_line' id='line_1_7' title="bbox 379 1203 1568 1296; baseline -0.007 -21"><span class='ocrx_word' id='word_1_41' title='bbox 379 1227 577 1296; x_wconf 87' lang='lat' dir='ltr'><strong>pauperum,</strong></span> <span class='ocrx_word' id='word_1_42' title='bbox 602 1212 636 1270; x_wconf 84' lang='lat' dir='ltr'><strong>et</strong></span> <span class='ocrx_word' id='word_1_43' title='bbox 662 1207 826 1288; x_wconf 79' lang='lat' dir='ltr'>sacerdos,</span> <span class='ocrx_word' id='word_1_44' title='bbox 858 1208 914 1292; x_wconf 85' lang='lat' dir='ltr'><strong>qui</strong></span> <span class='ocrx_word' id='word_1_45' title='bbox 944 1207 1011 1273; x_wconf 84' lang='lat' dir='ltr'><strong>alia</strong></span> <span class='ocrx_word' id='word_1_46' title='bbox 1040 1204 1226 1272; x_wconf 81' lang='lat' dir='ltr'><strong>ebdomada</strong></span> <span class='ocrx_word' id='word_1_47' title='bbox 1252 1205 1410 1290; x_wconf 90' lang='lat' dir='ltr'><strong>majorem</strong></span> <span class='ocrx_word' id='word_1_48' title='bbox 1434 1203 1568 1268; x_wconf 88' lang='lat' dir='ltr'><strong>missam</strong></span> 
     </span>
     <span class='ocr_line' id='line_1_8' title="bbox 380 1307 1565 1399; baseline -0.005 -17"><span class='ocrx_word' id='word_1_49' title='bbox 380 1320 587 1393; x_wconf 76' lang='lat' dir='ltr'><strong>cantaverat,</strong></span> <span class='ocrx_word' id='word_1_50' title='bbox 622 1313 756 1378; x_wconf 87' lang='lat' dir='ltr'><strong>missam</strong></span> <span class='ocrx_word' id='word_1_51' title='bbox 791 1314 1036 1399; x_wconf 84' lang='lat' dir='ltr'><strong>peregrinorum</strong></span> <span class='ocrx_word' id='word_1_52' title='bbox 1072 1311 1179 1395; x_wconf 86' lang='lat' dir='ltr'><strong>dieat,</strong></span> <span class='ocrx_word' id='word_1_53' title='bbox 1214 1320 1247 1378; x_wconf 94' lang='lat' dir='ltr'><strong>et</strong></span> <span class='ocrx_word' id='word_1_54' title='bbox 1282 1310 1399 1378; x_wconf 88' lang='lat' dir='ltr'><strong>oblata</strong></span> <span class='ocrx_word' id='word_1_55' title='bbox 1431 1307 1565 1376; x_wconf 86' lang='lat' dir='ltr'><strong>tribuat</strong></span> 
     </span>
     <span class='ocr_line' id='line_1_9' title="bbox 381 1416 1566 1506; baseline -0.007 -17"><span class='ocrx_word' id='word_1_56' title='bbox 381 1419 541 1489; x_wconf 85' lang='lat' dir='ltr'><strong>Hostiarii</strong></span> <span class='ocrx_word' id='word_1_57' title='bbox 571 1418 751 1485; x_wconf 79' lang='lat' dir='ltr'><strong>eecclesiae</strong></span> <span class='ocrx_word' id='word_1_58' title='bbox 783 1421 928 1486; x_wconf 76' lang='lat' dir='ltr'><strong>serviant</strong></span> <span class='ocrx_word' id='word_1_59' title='bbox 958 1420 1038 1506; x_wconf 89' lang='lat' dir='ltr'><strong>ipsis</strong></span> <span class='ocrx_word' id='word_1_60' title='bbox 1061 1417 1305 1498; x_wconf 88' lang='lat' dir='ltr'><strong>sacerdotibus,</strong></span> <span class='ocrx_word' id='word_1_61' title='bbox 1336 1416 1413 1483; x_wconf 93' lang='lat' dir='ltr'><strong>dum</strong></span> <span class='ocrx_word' id='word_1_62' title='bbox 1439 1416 1566 1499; x_wconf 74' lang='lat' dir='ltr'><strong>signum</strong></span> 
     </span>
     <span class='ocr_line' id='line_1_10' title="bbox 379 1521 1565 1615; baseline -0.004 -22"><span class='ocrx_word' id='word_1_63' title='bbox 379 1530 544 1615; x_wconf 86' lang='lat' dir='ltr'><strong>pulsatum</strong></span> <span class='ocrx_word' id='word_1_64' title='bbox 569 1525 668 1591; x_wconf 79' lang='lat' dir='ltr'><strong>suerit</strong></span> <span class='ocrx_word' id='word_1_65' title='bbox 686 1525 772 1592; x_wconf 86' lang='lat' dir='ltr'><strong>sieut</strong></span> <span class='ocrx_word' id='word_1_66' title='bbox 795 1527 944 1612; x_wconf 78' lang='lat' dir='ltr'><strong>sturerius</strong></span> <span class='ocrx_word' id='word_1_67' title='bbox 960 1526 1156 1593; x_wconf 68' lang='lat' dir='ltr'><strong>taxavimus.</strong></span> <span class='ocrx_word' id='word_1_68' title='bbox 1187 1524 1257 1591; x_wconf 79' lang='lat' dir='ltr'><strong>Alii</strong></span> <span class='ocrx_word' id='word_1_69' title='bbox 1270 1546 1346 1592; x_wconf 74' lang='lat' dir='ltr'><strong>uero</strong></span> <span class='ocrx_word' id='word_1_70' title='bbox 1366 1521 1565 1603; x_wconf 84' lang='lat' dir='ltr'><strong>sacerdotes,</strong></span> 
     </span>
     <span class='ocr_line' id='line_1_11' title="bbox 379 1629 1566 1721; baseline 0 -24"><span class='ocrx_word' id='word_1_71' title='bbox 379 1636 432 1721; x_wconf 83' lang='lat' dir='ltr'><strong>qui</strong></span> <span class='ocrx_word' id='word_1_72' title='bbox 457 1636 559 1702; x_wconf 82' lang='lat' dir='ltr'><strong>missa</strong></span> <span class='ocrx_word' id='word_1_73' title='bbox 585 1652 682 1716; x_wconf 80' lang='lat' dir='ltr'><strong>egere</strong></span> <span class='ocrx_word' id='word_1_74' title='bbox 714 1631 836 1713; x_wconf 77' lang='lat' dir='ltr'><strong>velunt,</strong></span> <span class='ocrx_word' id='word_1_75' title='bbox 867 1633 993 1720; x_wconf 83' lang='lat' dir='ltr'><strong>absque</strong></span> <span class='ocrx_word' id='word_1_76' title='bbox 1023 1633 1099 1718; x_wconf 81' lang='lat' dir='ltr'><strong>igne</strong></span> <span class='ocrx_word' id='word_1_77' title='bbox 1131 1630 1257 1699; x_wconf 82' lang='lat' dir='ltr'><strong>iaciant</strong></span> <span class='ocrx_word' id='word_1_78' title='bbox 1287 1629 1413 1698; x_wconf 84' lang='lat' dir='ltr'><strong>tamdiu</strong></span> <span class='ocrx_word' id='word_1_79' title='bbox 1445 1651 1566 1717; x_wconf 80' lang='lat' dir='ltr'><strong>qrrous·</strong></span> 
     </span>
     <span class='ocr_line' id='line_1_12' title="bbox 379 1736 1566 1835; baseline -0.003 -29"><span class='ocrx_word' id='word_1_80' title='bbox 379 1764 441 1828; x_wconf 82' lang='lat' dir='ltr'><strong>que</strong></span> <span class='ocrx_word' id='word_1_81' title='bbox 463 1738 569 1823; x_wconf 87' lang='lat' dir='ltr'><strong>major</strong></span> <span class='ocrx_word' id='word_1_82' title='bbox 597 1747 747 1805; x_wconf 76' lang='lat' dir='ltr'><strong>saumata</strong></span> <span class='ocrx_word' id='word_1_83' title='bbox 779 1740 934 1807; x_wconf 86' lang='lat' dir='ltr'><strong>inchoate</strong></span> <span class='ocrx_word' id='word_1_84' title='bbox 963 1740 1072 1835; x_wconf 71' lang='lat' dir='ltr'><strong>fuerit</strong></span> <span class='ocrx_word' id='word_1_85' title='bbox 1119 1738 1244 1806; x_wconf 82' lang='lat' dir='ltr'><strong>Postea</strong></span> <span class='ocrx_word' id='word_1_86' title='bbox 1273 1739 1338 1823; x_wconf 92' lang='lat' dir='ltr'><strong>illi,</strong></span> <span class='ocrx_word' id='word_1_87' title='bbox 1362 1738 1418 1824; x_wconf 86' lang='lat' dir='ltr'><strong>qui</strong></span> <span class='ocrx_word' id='word_1_88' title='bbox 1442 1736 1566 1804; x_wconf 90' lang='lat' dir='ltr'><strong>dictam</strong></span> 
     </span>
     <span class='ocr_line' id='line_1_13' title="bbox 379 1844 1566 1933; baseline -0.005 -18"><span class='ocrx_word' id='word_1_89' title='bbox 379 1871 441 1916; x_wconf 91' lang='lat' dir='ltr'><strong>nou</strong></span> <span class='ocrx_word' id='word_1_90' title='bbox 466 1845 652 1927; x_wconf 81' lang='lat' dir='ltr'><strong>habuerint,</strong></span> <span class='ocrx_word' id='word_1_91' title='bbox 676 1855 813 1933; x_wconf 74' lang='lat' dir='ltr'><strong>aru-epta</strong></span> <span class='ocrx_word' id='word_1_92' title='bbox 836 1846 971 1914; x_wconf 85' lang='lat' dir='ltr'><strong>lieentia</strong></span> <span class='ocrx_word' id='word_1_93' title='bbox 994 1848 1103 1931; x_wconf 80' lang='lat' dir='ltr'><strong>ignem</strong></span> <span class='ocrx_word' id='word_1_94' title='bbox 1124 1845 1280 1914; x_wconf 80' lang='lat' dir='ltr'><strong>babeant.</strong></span> <span class='ocrx_word' id='word_1_95' title='bbox 1317 1844 1414 1912; x_wconf 88' lang='lat' dir='ltr'><strong>Hora</strong></span> <span class='ocrx_word' id='word_1_96' title='bbox 1436 1864 1566 1931; x_wconf 83' lang='lat' dir='ltr'><strong>compe·</strong></span> 
     </span>
     <span class='ocr_line' id='line_1_14' title="bbox 379 1951 1566 2039; baseline -0.004 -17"><span class='ocrx_word' id='word_1_97' title='bbox 379 1956 460 2023; x_wconf 87' lang='lat' dir='ltr'><strong>tenti</strong></span> <span class='ocrx_word' id='word_1_98' title='bbox 484 1959 603 2039; x_wconf 77' lang='lat' dir='ltr'><strong>agatur</strong></span> <span class='ocrx_word' id='word_1_99' title='bbox 626 1974 722 2035; x_wconf 85' lang='lat' dir='ltr'><strong>nona,</strong></span> <span class='ocrx_word' id='word_1_100' title='bbox 747 1961 780 2019; x_wconf 89' lang='lat' dir='ltr'><strong>et</strong></span> <span class='ocrx_word' id='word_1_101' title='bbox 804 1961 882 2021; x_wconf 88' lang='lat' dir='ltr'><strong>tunc</strong></span> <span class='ocrx_word' id='word_1_102' title='bbox 905 1956 1048 2023; x_wconf 82' lang='lat' dir='ltr'><strong>vestiant</strong></span> <span class='ocrx_word' id='word_1_103' title='bbox 1068 1978 1103 2021; x_wconf 87' lang='lat' dir='ltr'><strong>se</strong></span> <span class='ocrx_word' id='word_1_104' title='bbox 1122 1954 1314 2039; x_wconf 84' lang='lat' dir='ltr'><strong>qui-missae</strong></span> <span class='ocrx_word' id='word_1_105' title='bbox 1331 1951 1465 2020; x_wconf 82' lang='lat' dir='ltr'><strong>servitia</strong></span> <span class='ocrx_word' id='word_1_106' title='bbox 1478 1973 1566 2031; x_wconf 89' lang='lat' dir='ltr'><strong>com·</strong></span> 
     </span>
     <span class='ocr_line' id='line_1_15' title="bbox 378 2056 1566 2147; baseline -0.003 -19"><span class='ocrx_word' id='word_1_107' title='bbox 378 2062 467 2147; x_wconf 89' lang='lat' dir='ltr'><strong>plere</strong></span> <span class='ocrx_word' id='word_1_108' title='bbox 491 2056 656 2129; x_wconf 87' lang='lat' dir='ltr'><strong>debebunt</strong></span> <span class='ocrx_word' id='word_1_109' title='bbox 680 2061 791 2146; x_wconf 87' lang='lat' dir='ltr'><strong>etqui</strong></span> <span class='ocrx_word' id='word_1_110' title='bbox 815 2060 999 2129; x_wconf 87' lang='lat' dir='ltr'><strong>cantilenae</strong></span> <span class='ocrx_word' id='word_1_111' title='bbox 1022 2070 1056 2129; x_wconf 89' lang='lat' dir='ltr'><strong>et</strong></span> <span class='ocrx_word' id='word_1_112' title='bbox 1076 2068 1146 2128; x_wconf 89' lang='lat' dir='ltr'><strong>tres</strong></span> <span class='ocrx_word' id='word_1_113' title='bbox 1168 2060 1343 2128; x_wconf 84' lang='lat' dir='ltr'><strong>servitores</strong></span> <span class='ocrx_word' id='word_1_114' title='bbox 1366 2065 1401 2125; x_wconf 89' lang='lat' dir='ltr'><strong>et</strong></span> <span class='ocrx_word' id='word_1_115' title='bbox 1421 2058 1566 2126; x_wconf 82' lang='lat' dir='ltr'><strong>inientes</strong></span> 
     </span>
     <span class='ocr_line' id='line_1_16' title="bbox 378 2153 1565 2253; baseline -0.001 -19"><span class='ocrx_word' id='word_1_116' title='bbox 378 2190 498 2236; x_wconf 82' lang='lat' dir='ltr'><strong>omues</strong></span> <span class='ocrx_word' id='word_1_117' title='bbox 546 2164 764 2233; x_wconf 82' lang='lat' dir='ltr'><strong>Venientibus</strong></span> <span class='ocrx_word' id='word_1_118' title='bbox 790 2167 856 2234; x_wconf 87' lang='lat' dir='ltr'><strong>illis</strong></span> <span class='ocrx_word' id='word_1_119' title='bbox 888 2168 922 2234; x_wconf 90' lang='lat' dir='ltr'><strong>in</strong></span> <span class='ocrx_word' id='word_1_120' title='bbox 944 2168 1061 2249; x_wconf 90' lang='lat' dir='ltr'><strong>choro,</strong></span> <span class='ocrx_word' id='word_1_121' title='bbox 1090 2166 1227 2253; x_wconf 80' lang='lat' dir='ltr'><strong>incipiat</strong></span> <span class='ocrx_word' id='word_1_122' title='bbox 1259 2166 1365 2233; x_wconf 88' lang='lat' dir='ltr'><strong>abbas</strong></span> <span class='ocrx_word' id='word_1_123' title='bbox 1391 2153 1565 2252; x_wconf 81' lang='lat' dir='ltr'><strong>psalmum,</strong></span> 
     </span>
     <span class='ocr_line' id='line_1_17' title="bbox 378 2270 1566 2359; baseline -0.003 -16"><span class='ocrx_word' id='word_1_124' title='bbox 378 2279 542 2344; x_wconf 77' lang='lat' dir='ltr'><strong>Miserere</strong></span> <span class='ocrx_word' id='word_1_125' title='bbox 564 2274 631 2340; x_wconf 64' lang='lat' dir='ltr'><strong>nezi</strong></span> <span class='ocrx_word' id='word_1_126' title='bbox 650 2275 754 2353; x_wconf 78' lang='lat' dir='ltr'><strong>Dens,</strong></span> <span class='ocrx_word' id='word_1_127' title='bbox 779 2280 814 2340; x_wconf 90' lang='lat' dir='ltr'><strong>et</strong></span> <span class='ocrx_word' id='word_1_128' title='bbox 836 2282 916 2341; x_wconf 89' lang='lat' dir='ltr'><strong>tuuc</strong></span> <span class='ocrx_word' id='word_1_129' title='bbox 939 2275 1075 2341; x_wconf 81' lang='lat' dir='ltr'><strong>veniant</strong></span> <span class='ocrx_word' id='word_1_130' title='bbox 1096 2273 1242 2342; x_wconf 87' lang='lat' dir='ltr'><strong>ordinati</strong></span> <span class='ocrx_word' id='word_1_131' title='bbox 1265 2271 1309 2339; x_wconf 90' lang='lat' dir='ltr'><strong>ad</strong></span> <span class='ocrx_word' id='word_1_132' title='bbox 1332 2273 1444 2359; x_wconf 74' lang='lat' dir='ltr'><strong>iguem</strong></span> <span class='ocrx_word' id='word_1_133' title='bbox 1466 2270 1566 2340; x_wconf 86' lang='lat' dir='ltr'><strong>bene·</strong></span> 
     </span>
     <span class='ocr_line' id='line_1_18' title="bbox 379 2377 1568 2468; baseline -0.001 -19"><span class='ocrx_word' id='word_1_134' title='bbox 379 2380 570 2449; x_wconf 88' lang='lat' dir='ltr'><strong>dicendum:</strong></span> <span class='ocrx_word' id='word_1_135' title='bbox 600 2378 633 2445; x_wconf 92' lang='lat' dir='ltr'><strong>in</strong></span> <span class='ocrx_word' id='word_1_136' title='bbox 665 2380 789 2465; x_wconf 86' lang='lat' dir='ltr'><strong>primas</strong></span> <span class='ocrx_word' id='word_1_137' title='bbox 817 2402 905 2468; x_wconf 86' lang='lat' dir='ltr'><strong>aqua</strong></span> <span class='ocrx_word' id='word_1_138' title='bbox 929 2390 1095 2463; x_wconf 73' lang='lat' dir='ltr'><strong>amotam,</strong></span> <span class='ocrx_word' id='word_1_139' title='bbox 1118 2387 1220 2467; x_wconf 88' lang='lat' dir='ltr'><strong>atque</strong></span> <span class='ocrx_word' id='word_1_140' title='bbox 1242 2380 1421 2463; x_wconf 86' lang='lat' dir='ltr'><strong>incensum,</strong></span> <span class='ocrx_word' id='word_1_141' title='bbox 1445 2377 1568 2448; x_wconf 86' lang='lat' dir='ltr'><strong>deiude</strong></span> 
     </span>
     <span class='ocr_line' id='line_1_19' title="bbox 378 2483 1568 2577; baseline 0.001 -23"><span class='ocrx_word' id='word_1_142' title='bbox 378 2509 517 2555; x_wconf 86' lang='lat' dir='ltr'><strong>crucem.</strong></span> <span class='ocrx_word' id='word_1_143' title='bbox 565 2483 727 2553; x_wconf 82' lang='lat' dir='ltr'><strong>Sacerdos</strong></span> <span class='ocrx_word' id='word_1_144' title='bbox 749 2494 783 2553; x_wconf 87' lang='lat' dir='ltr'><strong>et</strong></span> <span class='ocrx_word' id='word_1_145' title='bbox 806 2490 1020 2573; x_wconf 85' lang='lat' dir='ltr'><strong>secretarius,</strong></span> <span class='ocrx_word' id='word_1_146' title='bbox 1045 2488 1102 2575; x_wconf 86' lang='lat' dir='ltr'><strong>qui</strong></span> <span class='ocrx_word' id='word_1_147' title='bbox 1124 2487 1286 2577; x_wconf 87' lang='lat' dir='ltr'><strong>perticam</strong></span> <span class='ocrx_word' id='word_1_148' title='bbox 1308 2493 1443 2574; x_wconf 86' lang='lat' dir='ltr'><strong>portare</strong></span> <span class='ocrx_word' id='word_1_149' title='bbox 1467 2484 1568 2555; x_wconf 89' lang='lat' dir='ltr'><strong>debet</strong></span> 
     </span>
     <span class='ocr_line' id='line_1_20' title="bbox 377 2590 1568 2683; baseline 0.001 -22"><span class='ocrx_word' id='word_1_150' title='bbox 377 2595 411 2661; x_wconf 90' lang='lat' dir='ltr'><strong>in</strong></span> <span class='ocrx_word' id='word_1_151' title='bbox 434 2594 497 2662; x_wconf 87' lang='lat' dir='ltr'><strong>lroe</strong></span> <span class='ocrx_word' id='word_1_152' title='bbox 520 2591 590 2675; x_wconf 90' lang='lat' dir='ltr'><strong>die,</strong></span> <span class='ocrx_word' id='word_1_153' title='bbox 614 2590 690 2660; x_wconf 88' lang='lat' dir='ltr'><strong>dein</strong></span> <span class='ocrx_word' id='word_1_154' title='bbox 713 2593 874 2675; x_wconf 81' lang='lat' dir='ltr'><strong>infantes,</strong></span> <span class='ocrx_word' id='word_1_155' title='bbox 903 2602 937 2663; x_wconf 90' lang='lat' dir='ltr'><strong>et</strong></span> <span class='ocrx_word' id='word_1_156' title='bbox 967 2593 1177 2683; x_wconf 79' lang='lat' dir='ltr'><strong>peatnmdnm</strong></span> <span class='ocrx_word' id='word_1_157' title='bbox 1210 2593 1350 2662; x_wconf 83' lang='lat' dir='ltr'><strong>domnas</strong></span> <span class='ocrx_word' id='word_1_158' title='bbox 1379 2591 1502 2676; x_wconf 80' lang='lat' dir='ltr'><strong>abbas,</strong></span> <span class='ocrx_word' id='word_1_159' title='bbox 1532 2602 1568 2662; x_wconf 90' lang='lat' dir='ltr'><strong>et</strong></span> 
     </span>
     <span class='ocr_line' id='line_1_21' title="bbox 379 2700 1567 2790; baseline 0.001 -22"><span class='ocrx_word' id='word_1_160' title='bbox 379 2703 434 2770; x_wconf 90' lang='lat' dir='ltr'><strong>alii</strong></span> <span class='ocrx_word' id='word_1_161' title='bbox 457 2703 542 2771; x_wconf 88' lang='lat' dir='ltr'><strong>sicut</strong></span> <span class='ocrx_word' id='word_1_162' title='bbox 564 2708 641 2767; x_wconf 85' lang='lat' dir='ltr'><strong>sunt</strong></span> <span class='ocrx_word' id='word_1_163' title='bbox 663 2701 800 2788; x_wconf 88' lang='lat' dir='ltr'><strong>priores,</strong></span> <span class='ocrx_word' id='word_1_164' title='bbox 824 2710 859 2770; x_wconf 92' lang='lat' dir='ltr'><strong>et</strong></span> <span class='ocrx_word' id='word_1_165' title='bbox 881 2711 957 2790; x_wconf 85' lang='lat' dir='ltr'><strong>post</strong></span> <span class='ocrx_word' id='word_1_166' title='bbox 979 2702 1129 2772; x_wconf 70' lang='lat' dir='ltr'><strong>conversi</strong></span> <span class='ocrx_word' id='word_1_167' title='bbox 1144 2723 1202 2770; x_wconf 89' lang='lat' dir='ltr'><strong>cos</strong></span> <span class='ocrx_word' id='word_1_168' title='bbox 1217 2701 1386 2770; x_wconf 87' lang='lat' dir='ltr'><strong>imitantes</strong></span> <span class='ocrx_word' id='word_1_169' title='bbox 1407 2700 1444 2769; x_wconf 91' lang='lat' dir='ltr'><strong>in</strong></span> <span class='ocrx_word' id='word_1_170' title='bbox 1458 2702 1567 2770; x_wconf 82' lang='lat' dir='ltr'><strong>noris·</strong></span> 
     </span>
     <span class='ocr_line' id='line_1_22' title="bbox 379 2806 1566 2898; baseline 0.003 -24"><span class='ocrx_word' id='word_1_171' title='bbox 379 2809 467 2876; x_wconf 89' lang='lat' dir='ltr'><strong>simis</strong></span> <span class='ocrx_word' id='word_1_172' title='bbox 496 2807 587 2888; x_wconf 88' lang='lat' dir='ltr'><strong>locis,</strong></span> <span class='ocrx_word' id='word_1_173' title='bbox 617 2806 682 2875; x_wconf 88' lang='lat' dir='ltr'><strong>duo</strong></span> <span class='ocrx_word' id='word_1_174' title='bbox 713 2815 747 2875; x_wconf 90' lang='lat' dir='ltr'><strong>et</strong></span> <span class='ocrx_word' id='word_1_175' title='bbox 777 2809 854 2877; x_wconf 85' lang='lat' dir='ltr'><strong>duo.</strong></span> <span class='ocrx_word' id='word_1_176' title='bbox 908 2809 975 2878; x_wconf 90' lang='lat' dir='ltr'><strong>Ubi</strong></span> <span class='ocrx_word' id='word_1_177' title='bbox 1004 2810 1250 2898; x_wconf 77' lang='lat' dir='ltr'><strong>pervenientes,</strong></span> <span class='ocrx_word' id='word_1_178' title='bbox 1279 2808 1369 2876; x_wconf 88' lang='lat' dir='ltr'><strong>dicet</strong></span> <span class='ocrx_word' id='word_1_179' title='bbox 1398 2809 1566 2893; x_wconf 85' lang='lat' dir='ltr'><strong>sacerdes,</strong></span> 
     </span>
     <span class='ocr_line' id='line_1_23' title="bbox 379 2915 1567 3003; baseline 0.002 -21"><span class='ocrx_word' id='word_1_180' title='bbox 379 2919 542 2985; x_wconf 85' lang='lat' dir='ltr'><strong>Dominus</strong></span> <span class='ocrx_word' id='word_1_181' title='bbox 556 2916 733 2998; x_wconf 74' lang='lat' dir='ltr'><strong>vobiscnn,</strong></span> <span class='ocrx_word' id='word_1_182' title='bbox 751 2924 784 2982; x_wconf 90' lang='lat' dir='ltr'><strong>et</strong></span> <span class='ocrx_word' id='word_1_183' title='bbox 798 2915 976 2984; x_wconf 85' lang='lat' dir='ltr'><strong>benedicat</strong></span> <span class='ocrx_word' id='word_1_184' title='bbox 987 2917 1096 2986; x_wconf 83' lang='lat' dir='ltr'><strong>locum</strong></span> <span class='ocrx_word' id='word_1_185' title='bbox 1109 2938 1241 3001; x_wconf 81' lang='lat' dir='ltr'><strong>nouum,</strong></span> <span class='ocrx_word' id='word_1_186' title='bbox 1265 2923 1299 2984; x_wconf 93' lang='lat' dir='ltr'><strong>et</strong></span> <span class='ocrx_word' id='word_1_187' title='bbox 1313 2922 1394 2982; x_wconf 88' lang='lat' dir='ltr'><strong>tune</strong></span> <span class='ocrx_word' id='word_1_188' title='bbox 1409 2924 1567 3003; x_wconf 62' lang='lat' dir='ltr'><strong>aspergat</strong></span> 
     </span>
     <span class='ocr_line' id='line_1_24' title="bbox 378 3019 1567 3110; baseline 0.004 -23"><span class='ocrx_word' id='word_1_189' title='bbox 378 3042 497 3108; x_wconf 85' lang='lat' dir='ltr'><strong>aquam</strong></span> <span class='ocrx_word' id='word_1_190' title='bbox 520 3019 726 3088; x_wconf 83' lang='lat' dir='ltr'><strong>benedictam</strong></span> <span class='ocrx_word' id='word_1_191' title='bbox 756 3023 790 3088; x_wconf 88' lang='lat' dir='ltr'><strong>in</strong></span> <span class='ocrx_word' id='word_1_192' title='bbox 813 3044 870 3107; x_wconf 90' lang='lat' dir='ltr'><strong>eo,</strong></span> <span class='ocrx_word' id='word_1_193' title='bbox 900 3031 1000 3109; x_wconf 85' lang='lat' dir='ltr'><strong>atque</strong></span> <span class='ocrx_word' id='word_1_194' title='bbox 1022 3022 1187 3093; x_wconf 85' lang='lat' dir='ltr'><strong>accendat</strong></span> <span class='ocrx_word' id='word_1_195' title='bbox 1209 3022 1382 3089; x_wconf 87' lang='lat' dir='ltr'><strong>caudelam</strong></span> <span class='ocrx_word' id='word_1_196' title='bbox 1408 3022 1567 3110; x_wconf 85' lang='lat' dir='ltr'><strong>perticae,</strong></span> 
     </span>
     <span class='ocr_line' id='line_1_25' title="bbox 379 3119 1568 3217; baseline 0.003 -22"><span class='ocrx_word' id='word_1_197' title='bbox 379 3136 412 3195; x_wconf 91' lang='lat' dir='ltr'><strong>et</strong></span> <span class='ocrx_word' id='word_1_198' title='bbox 439 3130 506 3195; x_wconf 86' lang='lat' dir='ltr'><strong>alia</strong></span> <span class='ocrx_word' id='word_1_199' title='bbox 529 3148 626 3212; x_wconf 72' lang='lat' dir='ltr'><strong>«paam</strong></span> <span class='ocrx_word' id='word_1_200' title='bbox 649 3128 760 3196; x_wconf 82' lang='lat' dir='ltr'><strong>inians</strong></span> <span class='ocrx_word' id='word_1_201' title='bbox 782 3137 918 3217; x_wconf 84' lang='lat' dir='ltr'><strong>portare</strong></span> <span class='ocrx_word' id='word_1_202' title='bbox 934 3132 968 3198; x_wconf 89' lang='lat' dir='ltr'><strong>in</strong></span> <span class='ocrx_word' id='word_1_203' title='bbox 989 3131 1145 3200; x_wconf 84' lang='lat' dir='ltr'><strong>lanterna</strong></span> <span class='ocrx_word' id='word_1_204' title='bbox 1166 3128 1275 3198; x_wconf 82' lang='lat' dir='ltr'><strong>debet</strong></span> <span class='ocrx_word' id='word_1_205' title='bbox 1313 3119 1409 3197; x_wconf 71' lang='lat' dir='ltr'><strong>nune</strong></span> <span class='ocrx_word' id='word_1_206' title='bbox 1432 3130 1568 3198; x_wconf 73' lang='lat' dir='ltr'><strong>veniant</strong></span> 
     </span>
     <span class='ocr_line' id='line_1_26' title="bbox 379 3233 1570 3321; baseline 0.003 -19"><span class='ocrx_word' id='word_1_207' title='bbox 379 3236 528 3304; x_wconf 87' lang='lat' dir='ltr'><strong>canendo</strong></span> <span class='ocrx_word' id='word_1_208' title='bbox 558 3233 618 3300; x_wconf 88' lang='lat' dir='ltr'><strong>bos</strong></span> <span class='ocrx_word' id='word_1_209' title='bbox 646 3234 810 3321; x_wconf 87' lang='lat' dir='ltr'><strong>psalmos,</strong></span> <span class='ocrx_word' id='word_1_210' title='bbox 838 3240 934 3306; x_wconf 72' lang='lat' dir='ltr'><strong>Deus</strong></span> <span class='ocrx_word' id='word_1_211' title='bbox 962 3243 997 3308; x_wconf 85' lang='lat' dir='ltr'><strong>in</strong></span> <span class='ocrx_word' id='word_1_212' title='bbox 1027 3244 1157 3308; x_wconf 79' lang='lat' dir='ltr'><strong>nemine</strong></span> <span class='ocrx_word' id='word_1_213' title='bbox 1185 3250 1249 3306; x_wconf 76' lang='lat' dir='ltr'><strong>teo.</strong></span> <span class='ocrx_word' id='word_1_214' title='bbox 1300 3239 1467 3306; x_wconf 72' lang='lat' dir='ltr'><strong>Miserere</strong></span> <span class='ocrx_word' id='word_1_215' title='bbox 1503 3240 1570 3305; x_wconf 85' lang='lat' dir='ltr'><strong>mei</strong></span> 
     </span>
     <span class='ocr_line' id='line_1_27' title="bbox 378 3342 1566 3435; baseline 0.001 -24"><span class='ocrx_word' id='word_1_216' title='bbox 378 3347 480 3428; x_wconf 79' lang='lat' dir='ltr'><strong>Dens,</strong></span> <span class='ocrx_word' id='word_1_217' title='bbox 505 3342 661 3410; x_wconf 68' lang='lat' dir='ltr'><strong>nzenrere</strong></span> <span class='ocrx_word' id='word_1_218' title='bbox 684 3348 757 3412; x_wconf 79' lang='lat' dir='ltr'><strong>etei.</strong></span> <span class='ocrx_word' id='word_1_219' title='bbox 804 3349 899 3413; x_wconf 78' lang='lat' dir='ltr'><strong>Deus</strong></span> <span class='ocrx_word' id='word_1_220' title='bbox 922 3350 1123 3416; x_wconf 64' lang='lat' dir='ltr'><strong>attentatur</strong></span> <span class='ocrx_word' id='word_1_221' title='bbox 1146 3345 1250 3413; x_wconf 60' lang='lat' dir='ltr'><strong>nobb.</strong></span> <span class='ocrx_word' id='word_1_222' title='bbox 1296 3347 1390 3412; x_wconf 82' lang='lat' dir='ltr'><strong>Dens</strong></span> <span class='ocrx_word' id='word_1_223' title='bbox 1412 3346 1448 3411; x_wconf 83' lang='lat' dir='ltr'><strong>in</strong></span> <span class='ocrx_word' id='word_1_224' title='bbox 1470 3346 1566 3435; x_wconf 62' lang='lat' dir='ltr'><strong>acip&#39;n·</strong></span> 
     </span>
     <span class='ocr_line' id='line_1_28' title="bbox 377 3450 1566 3539; baseline 0 -20"><span class='ocrx_word' id='word_1_225' title='bbox 377 3456 499 3520; x_wconf 81' lang='lat' dir='ltr'><strong>terium</strong></span> <span class='ocrx_word' id='word_1_226' title='bbox 522 3474 629 3519; x_wconf 66' lang='lat' dir='ltr'><strong>cneum</strong></span> <span class='ocrx_word' id='word_1_227' title='bbox 652 3454 798 3519; x_wconf 78' lang='lat' dir='ltr'><strong>intende:</strong></span> <span class='ocrx_word' id='word_1_228' title='bbox 829 3452 1030 3519; x_wconf 88' lang='lat' dir='ltr'><strong>intrantibus</strong></span> <span class='ocrx_word' id='word_1_229' title='bbox 1053 3476 1093 3521; x_wconf 84' lang='lat' dir='ltr'><strong>ex</strong></span> <span class='ocrx_word' id='word_1_230' title='bbox 1111 3451 1252 3539; x_wconf 85' lang='lat' dir='ltr'><strong>januam</strong></span> <span class='ocrx_word' id='word_1_231' title='bbox 1274 3450 1410 3536; x_wconf 86' lang='lat' dir='ltr'><strong>majoris</strong></span> <span class='ocrx_word' id='word_1_232' title='bbox 1440 3452 1566 3539; x_wconf 86' lang='lat' dir='ltr'><strong>templi.</strong></span> 
     </span>
     <span class='ocr_line' id='line_1_29' title="bbox 378 3555 1568 3644; baseline 0.002 -20"><span class='ocrx_word' id='word_1_233' title='bbox 378 3555 570 3626; x_wconf 86' lang='lat' dir='ltr'><strong>Psalmodia</strong></span> <span class='ocrx_word' id='word_1_234' title='bbox 594 3578 668 3623; x_wconf 81' lang='lat' dir='ltr'><strong>vero</strong></span> <span class='ocrx_word' id='word_1_235' title='bbox 697 3557 917 3644; x_wconf 79' lang='lat' dir='ltr'><strong>protendatru</strong></span> <span class='ocrx_word' id='word_1_236' title='bbox 946 3558 1052 3629; x_wconf 89' lang='lat' dir='ltr'><strong>denee</strong></span> <span class='ocrx_word' id='word_1_237' title='bbox 1082 3560 1235 3629; x_wconf 75' lang='lat' dir='ltr'><strong>veniatur</strong></span> <span class='ocrx_word' id='word_1_238' title='bbox 1256 3558 1289 3624; x_wconf 89' lang='lat' dir='ltr'><strong>iu</strong></span> <span class='ocrx_word' id='word_1_239' title='bbox 1313 3556 1460 3627; x_wconf 86' lang='lat' dir='ltr'><strong>cherum.</strong></span> <span class='ocrx_word' id='word_1_240' title='bbox 1501 3558 1568 3627; x_wconf 87' lang='lat' dir='ltr'><strong>His</strong></span> 
     </span>
     <span class='ocr_line' id='line_1_30' title="bbox 378 3662 1569 3750; baseline 0.003 -20"><span class='ocrx_word' id='word_1_241' title='bbox 378 3665 483 3732; x_wconf 84' lang='lat' dir='ltr'><strong>tribus</strong></span> <span class='ocrx_word' id='word_1_242' title='bbox 506 3662 688 3749; x_wconf 87' lang='lat' dir='ltr'><strong>acqualiter</strong></span> <span class='ocrx_word' id='word_1_243' title='bbox 709 3668 876 3750; x_wconf 83' lang='lat' dir='ltr'><strong>processio</strong></span> <span class='ocrx_word' id='word_1_244' title='bbox 899 3667 1106 3736; x_wconf 88' lang='lat' dir='ltr'><strong>caelebretur</strong></span> <span class='ocrx_word' id='word_1_245' title='bbox 1127 3665 1254 3736; x_wconf 83' lang='lat' dir='ltr'><strong>diebus.</strong></span> <span class='ocrx_word' id='word_1_246' title='bbox 1284 3662 1380 3733; x_wconf 74' lang='lat' dir='ltr'><strong>Tunc</strong></span> <span class='ocrx_word' id='word_1_247' title='bbox 1394 3671 1569 3733; x_wconf 79' lang='lat' dir='ltr'><strong>vertantur</strong></span> 
     </span>
     <span class='ocr_line' id='line_1_31' title="bbox 378 3769 1568 3863; baseline 0.003 -27"><span class='ocrx_word' id='word_1_248' title='bbox 378 3769 552 3851; x_wconf 81' lang='lat' dir='ltr'><strong>formulae,</strong></span> <span class='ocrx_word' id='word_1_249' title='bbox 575 3770 633 3836; x_wconf 86' lang='lat' dir='ltr'><strong>sed</strong></span> <span class='ocrx_word' id='word_1_250' title='bbox 657 3777 691 3838; x_wconf 87' lang='lat' dir='ltr'><strong>et</strong></span> <span class='ocrx_word' id='word_1_251' title='bbox 720 3772 829 3838; x_wconf 88' lang='lat' dir='ltr'><strong>emnia</strong></span> <span class='ocrx_word' id='word_1_252' title='bbox 856 3774 950 3859; x_wconf 76' lang='lat' dir='ltr'><strong>sigua</strong></span> <span class='ocrx_word' id='word_1_253' title='bbox 972 3775 1161 3863; x_wconf 86' lang='lat' dir='ltr'><strong>pulsentur.</strong></span> <span class='ocrx_word' id='word_1_254' title='bbox 1208 3772 1333 3840; x_wconf 85' lang='lat' dir='ltr'><strong>Postea</strong></span> <span class='ocrx_word' id='word_1_255' title='bbox 1353 3793 1432 3840; x_wconf 81' lang='lat' dir='ltr'><strong>vero</strong></span> <span class='ocrx_word' id='word_1_256' title='bbox 1456 3772 1509 3840; x_wconf 73' lang='lat' dir='ltr'><strong>vel</strong></span> <span class='ocrx_word' id='word_1_257' title='bbox 1532 3773 1568 3840; x_wconf 88' lang='lat' dir='ltr'><strong>in</strong></span> 
     </span>
     <span class='ocr_line' id='line_1_32' title="bbox 379 3876 1567 3965; baseline 0.003 -21"><span class='ocrx_word' id='word_1_258' title='bbox 379 3877 540 3944; x_wconf 87' lang='lat' dir='ltr'><strong>aecclesia</strong></span> <span class='ocrx_word' id='word_1_259' title='bbox 569 3877 620 3943; x_wconf 78' lang='lat' dir='ltr'><strong>rel</strong></span> <span class='ocrx_word' id='word_1_260' title='bbox 648 3879 682 3943; x_wconf 89' lang='lat' dir='ltr'><strong>in</strong></span> <span class='ocrx_word' id='word_1_261' title='bbox 710 3876 856 3947; x_wconf 83' lang='lat' dir='ltr'><strong>elaustro</strong></span> <span class='ocrx_word' id='word_1_262' title='bbox 878 3880 1005 3949; x_wconf 87' lang='lat' dir='ltr'><strong>nullum</strong></span> <span class='ocrx_word' id='word_1_263' title='bbox 1029 3888 1125 3949; x_wconf 82' lang='lat' dir='ltr'><strong>mnet</strong></span> <span class='ocrx_word' id='word_1_264' title='bbox 1146 3886 1369 3948; x_wconf 76' lang='lat' dir='ltr'><strong>crementum:</strong></span> <span class='ocrx_word' id='word_1_265' title='bbox 1393 3877 1453 3946; x_wconf 87' lang='lat' dir='ltr'><strong>sed</strong></span> <span class='ocrx_word' id='word_1_266' title='bbox 1475 3879 1567 3965; x_wconf 83' lang='lat' dir='ltr'><strong>quic·</strong></span> 
     </span>
     <span class='ocr_line' id='line_1_33' title="bbox 379 3983 1568 4073; baseline 0.008 -27"><span class='ocrx_word' id='word_1_267' title='bbox 379 3983 456 4070; x_wconf 82' lang='lat' dir='ltr'><strong>quid</strong></span> <span class='ocrx_word' id='word_1_268' title='bbox 484 3984 595 4051; x_wconf 87' lang='lat' dir='ltr'><strong>faeere</strong></span> <span class='ocrx_word' id='word_1_269' title='bbox 618 3983 739 4051; x_wconf 89' lang='lat' dir='ltr'><strong>debent</strong></span> <span class='ocrx_word' id='word_1_270' title='bbox 763 3984 891 4070; x_wconf 83' lang='lat' dir='ltr'><strong>iratres,</strong></span> <span class='ocrx_word' id='word_1_271' title='bbox 915 3987 1048 4056; x_wconf 90' lang='lat' dir='ltr'><strong>tabulae</strong></span> <span class='ocrx_word' id='word_1_272' title='bbox 1070 3987 1181 4056; x_wconf 87' lang='lat' dir='ltr'><strong>sonita</strong></span> <span class='ocrx_word' id='word_1_273' title='bbox 1204 3986 1374 4055; x_wconf 84' lang='lat' dir='ltr'><strong>nuntietur</strong></span> <span class='ocrx_word' id='word_1_274' title='bbox 1395 4007 1500 4073; x_wconf 84' lang='lat' dir='ltr'><strong>usqae</strong></span> <span class='ocrx_word' id='word_1_275' title='bbox 1523 3988 1568 4055; x_wconf 85' lang='lat' dir='ltr'><strong>ad</strong></span> 
     </span>
     <span class='ocr_line' id='line_1_34' title="bbox 378 4090 1567 4164; baseline 0.005 -8"><span class='ocrx_word' id='word_1_276' title='bbox 378 4092 510 4159; x_wconf 88' lang='lat' dir='ltr'><strong>missam</strong></span> <span class='ocrx_word' id='word_1_277' title='bbox 538 4090 573 4156; x_wconf 90' lang='lat' dir='ltr'><strong>iu</strong></span> <span class='ocrx_word' id='word_1_278' title='bbox 597 4090 738 4159; x_wconf 86' lang='lat' dir='ltr'><strong>sabbate</strong></span> <span class='ocrx_word' id='word_1_279' title='bbox 760 4101 886 4162; x_wconf 87' lang='lat' dir='ltr'><strong>saneto.</strong></span> <span class='ocrx_word' id='word_1_280' title='bbox 934 4095 1064 4164; x_wconf 90' lang='lat' dir='ltr'><strong>Deinde</strong></span> <span class='ocrx_word' id='word_1_281' title='bbox 1087 4095 1190 4163; x_wconf 81' lang='lat' dir='ltr'><strong>missa</strong></span> <span class='ocrx_word' id='word_1_282' title='bbox 1212 4093 1348 4162; x_wconf 80' lang='lat' dir='ltr'><strong>festinae</strong></span> <span class='ocrx_word' id='word_1_283' title='bbox 1371 4090 1567 4162; x_wconf 85' lang='lat' dir='ltr'><strong>celebretur.</strong></span> 
     </span>
    </p>
   </div>
   <div class='ocr_carea' id='block_1_3' title="bbox 379 4196 1675 4287">
    <p class='ocr_par' dir='ltr' id='par_1_3' title="bbox 379 4196 1675 4287">
     <span class='ocr_line' id='line_1_35' title="bbox 379 4196 1675 4287; baseline 0.008 -29"><span class='ocrx_word' id='word_1_284' title='bbox 379 4196 544 4265; x_wconf 75' lang='lat' dir='ltr'><strong>t&#39;antoriu</strong></span> <span class='ocrx_word' id='word_1_285' title='bbox 557 4196 656 4265; x_wconf 88' lang='lat' dir='ltr'><strong>choro</strong></span> <span class='ocrx_word' id='word_1_286' title='bbox 668 4220 787 4285; x_wconf 89' lang='lat' dir='ltr'><strong>cappa,</strong></span> <span class='ocrx_word' id='word_1_287' title='bbox 800 4199 959 4269; x_wconf 87' lang='lat' dir='ltr'><strong>diaconus</strong></span> <span class='ocrx_word' id='word_1_288' title='bbox 972 4202 1162 4287; x_wconf 71' lang='lat' dir='ltr'><strong>ddrnatica,</strong></span> <span class='ocrx_word' id='word_1_289' title='bbox 1174 4200 1396 4268; x_wconf 86' lang='lat' dir='ltr'><strong>subdiaconus</strong></span> <span class='ocrx_word' id='word_1_290' title='bbox 1403 4200 1517 4266; x_wconf 75' lang='lat' dir='ltr'><strong>maiae</strong></span> <span class='ocrx_word' id='word_1_291' title='bbox 1523 4202 1568 4268; x_wconf 88' lang='lat' dir='ltr'><strong>sit</strong></span> <span class='ocrx_word' id='word_1_292' title='bbox 1671 4221 1675 4227; x_wconf 86' lang='lat'>·</span> 
     </span>
    </p>
   </div>
   <div class='ocr_carea' id='block_1_4' title="bbox 379 4302 1569 4401">
    <p class='ocr_par' dir='ltr' id='par_1_4' title="bbox 379 4302 1569 4401">
     <span class='ocr_line' id='line_1_36' title="bbox 379 4302 1569 4401; baseline 0.006 -34"><span class='ocrx_word' id='word_1_293' title='bbox 379 4306 525 4372; x_wconf 83' lang='lat' dir='ltr'><strong>vestitus.</strong></span> <span class='ocrx_word' id='word_1_294' title='bbox 554 4302 612 4371; x_wconf 88' lang='lat' dir='ltr'><strong>Ad</strong></span> <span class='ocrx_word' id='word_1_295' title='bbox 631 4305 802 4372; x_wconf 90' lang='lat' dir='ltr'><strong>introitum</strong></span> <span class='ocrx_word' id='word_1_296' title='bbox 817 4310 938 4377; x_wconf 85' lang='lat' dir='ltr'><strong>missae</strong></span> <span class='ocrx_word' id='word_1_297' title='bbox 952 4309 1075 4378; x_wconf 83' lang='lat' dir='ltr'><strong>dicant</strong></span> <span class='ocrx_word' id='word_1_298' title='bbox 1087 4310 1116 4401; x_wconf 90' lang='lat'><strong>¹)</strong></span> <span class='ocrx_word' id='word_1_299' title='bbox 1145 4309 1266 4377; x_wconf 83' lang='lat' dir='ltr'><strong>Gloria</strong></span> <span class='ocrx_word' id='word_1_300' title='bbox 1276 4309 1388 4378; x_wconf 76' lang='lat' dir='ltr'><strong>Patri.</strong></span> <span class='ocrx_word' id='word_1_301' title='bbox 1413 4305 1569 4391; x_wconf 80' lang='lat' dir='ltr'><strong>Epistola</strong></span> 
     </span>
    </p>
   </div>
   <div class='ocr_carea' id='block_1_5' title="bbox 388 4423 1567 4538">
    <p class='ocr_par' dir='ltr' id='par_1_5' title="bbox 388 4423 1567 4538">
     <span class='ocr_line' id='line_1_37' title="bbox 388 4423 1567 4538; baseline 0.003 -19"><span class='ocrx_word' id='word_1_302' title='bbox 388 4425 400 4430; x_wconf 76' lang='lat'><em>-</em></span> <span class='ocrx_word' id='word_1_303' title='bbox 433 4425 444 4432; x_wconf 82' lang='lat'><strong>.</strong></span> <span class='ocrx_word' id='word_1_304' title='bbox 469 4423 603 4535; x_wconf 35' lang='lat' dir='ltr'><strong>bip-sain</strong></span> <span class='ocrx_word' id='word_1_305' title='bbox 626 4464 738 4521; x_wconf 82' lang='lat' dir='ltr'><strong>missam</strong></span> <span class='ocrx_word' id='word_1_306' title='bbox 757 4474 838 4538; x_wconf 86' lang='lat' dir='ltr'><strong>prout</strong></span> <span class='ocrx_word' id='word_1_307' title='bbox 857 4467 901 4523; x_wconf 89' lang='lat' dir='ltr'><strong>hie</strong></span> <span class='ocrx_word' id='word_1_308' title='bbox 919 4476 1070 4527; x_wconf 83' lang='lat' dir='ltr'><strong>annotatur</strong></span> <span class='ocrx_word' id='word_1_309' title='bbox 1093 4467 1217 4526; x_wconf 66' lang='lat' dir='ltr'><strong>incedes</strong></span> <span class='ocrx_word' id='word_1_310' title='bbox 1241 4468 1270 4524; x_wconf 85' lang='lat' dir='ltr'><strong>in</strong></span> <span class='ocrx_word' id='word_1_311' title='bbox 1289 4466 1395 4524; x_wconf 72' lang='lat' dir='ltr'><strong>annu</strong></span> <span class='ocrx_word' id='word_1_312' title='bbox 1413 4465 1567 4523; x_wconf 79' lang='lat' dir='ltr'><strong>lienestlee</strong></span> 
     </span>
    </p>
   </div>
   <div class='ocr_carea' id='block_1_6' title="bbox 377 4551 1568 4702">
    <p class='ocr_par' dir='ltr' id='par_1_6' title="bbox 377 4551 1568 4702">
     <span class='ocr_line' id='line_1_38' title="bbox 378 4551 1568 4638; baseline 0.003 -31"><span class='ocrx_word' id='word_1_313' title='bbox 378 4551 458 4611; x_wconf 77' lang='lat' dir='ltr'><strong>Feria</strong></span> <span class='ocrx_word' id='word_1_314' title='bbox 477 4555 511 4614; x_wconf 82' lang='lat' dir='ltr'><strong>V.</strong></span> <span class='ocrx_word' id='word_1_315' title='bbox 531 4552 559 4609; x_wconf 86' lang='lat' dir='ltr'><strong>ia</strong></span> <span class='ocrx_word' id='word_1_316' title='bbox 577 4553 667 4611; x_wconf 78' lang='lat' dir='ltr'><strong>Coena</strong></span> <span class='ocrx_word' id='word_1_317' title='bbox 685 4554 804 4613; x_wconf 79' lang='lat' dir='ltr'><strong>Domini.</strong></span> <span class='ocrx_word' id='word_1_318' title='bbox 841 4557 934 4614; x_wconf 84' lang='lat' dir='ltr'><strong>Etiam</strong></span> <span class='ocrx_word' id='word_1_319' title='bbox 960 4559 1119 4616; x_wconf 67' lang='lat' dir='ltr'><strong>mndata·</strong></span> <span class='ocrx_word' id='word_1_320' title='bbox 1137 4573 1188 4617; x_wconf 73' lang='lat' dir='ltr'><strong>m</strong></span> <span class='ocrx_word' id='word_1_321' title='bbox 1205 4571 1300 4638; x_wconf 67' lang='lat' dir='ltr'><strong>preces</strong></span> <span class='ocrx_word' id='word_1_322' title='bbox 1324 4555 1354 4613; x_wconf 77' lang='lat' dir='ltr'><strong>ts</strong></span> <span class='ocrx_word' id='word_1_323' title='bbox 1371 4553 1503 4612; x_wconf 72' lang='lat' dir='ltr'><strong>nunu</strong></span> <span class='ocrx_word' id='word_1_324' title='bbox 1520 4555 1568 4612; x_wconf 76' lang='lat' dir='ltr'><strong>ad·</strong></span> 
     </span>
     <span class='ocr_line' id='line_1_39' title="bbox 377 4640 773 4702; baseline 0.015 -5"><span class='ocrx_word' id='word_1_325' title='bbox 377 4640 463 4699; x_wconf 82' lang='lat' dir='ltr'><strong>biberi</strong></span> <span class='ocrx_word' id='word_1_326' title='bbox 480 4641 580 4700; x_wconf 78' lang='lat' dir='ltr'><strong>nnus</strong></span> <span class='ocrx_word' id='word_1_327' title='bbox 596 4640 634 4700; x_wconf 80' lang='lat' dir='ltr'><strong>nt</strong></span> <span class='ocrx_word' id='word_1_328' title='bbox 651 4642 773 4702; x_wconf 79' lang='lat' dir='ltr'><strong>babebis.</strong></span> 
     </span>
    </p>
   </div>
   <div class='ocr_carea' id='block_1_7' title="bbox 0 0 1900 5375">
    <p class='ocr_par' dir='ltr' id='par_1_7' title="bbox 0 0 1900 5375">
     <span class='ocr_line' id='line_1_40' title="bbox 0 0 1900 5375; baseline 0 0"><span class='ocrx_word' id='word_1_329' title='bbox 0 0 1900 5375; x_wconf 95' lang='lat' dir='ltr'><strong> </strong></span> 
     </span>
    </p>
   </div>
  </div>
 </body>
</html>
