3792 5375
792 496 1014 559 „23-

320 697 504 753 sauctorum
528 686 688 772 srrtlragiis
704 709 774 753 curn
791 688 853 753 boc
870 688 1078 773 responsorio
1092 686 1136 754 ad
1152 688 1327 756 stationem
1347 694 1495 774 pergant,

320 796 488 860 (ilmu'nsus
511 797 566 860 dri
592 799 732 873 uuu'cns,
763 794 897 859 collecta
922 793 964 859 «le
991 795 1073 880 ipso.
1127 793 1184 861 Ad
1213 797 1400 861 vitatorium
1430 794 1497 862 dno

319 902 384 964 sint
419 900 450 964 in
482 901 604 984 cappis.
657 899 831 967 Lectiones
866 909 941 967 octo
976 900 1018 967 dc
1052 902 1154 987 ipsius
1188 903 1357 988 passione,
1391 900 1495 968 nnt-

321 1005 437 1071 1111νῦ
460 1005 574 1071 ΧΙΙιυὶ
605 1009 842 1091 responsorium
873 1029 893 1071 a
924 1007 1050 1073 dnobus
1081 1008 1240 1075 iratribus
1270 1008 1496 1077 decantentur.

321 1111 480 1192 Hunrelia,
492 1115 570 1178 bisi
577 1116 951 1199 granumsrmmnu'l'l
975 1113 1016 1178 In
1028 1113 1128 1180 laude
1139 1121 1329 1182 sanctorum
1340 1114 1496 1199 suffragia
1525 1141 1544 1181 ‹-
1563 1140 1660 1189 raessrm
1673 1142 1696 1182 r·
1707 1144 1747 1185 or·

320 1218 488 1284 bentornrn
512 1219 663 1286 conclusa
687 1220 926 1305 responsorium
951 1219 1014 1285 lroc
1037 1221 1210 1307 imponant
1224 1229 1439 1307 peragrantes
1455 1220 1497 1286 ad
1525 1210 1748 1325 amm·

320 1326 490 1391 stationem
520 1328 648 1392 ,llrrnit
672 1350 739 1393 csse
760 1330 884 1407 lmstr'u,
916 1326 1057 1393 collecta
1080 1326 1121 1393 de
1145 1328 1217 1413 ipso
1240 1350 1314 1394 cunr
1338 1327 1498 1394 versiculo
1525 1354 1584 1406 ryrr·
1592 1353 1748 1395 mnan·-

321 1434 481 1497 nnteriore
511 1440 545 1498 et
574 1437 736 1500 Dominus
765 1436 941 1500 indiscunt.
989 1432 1207 1518 l'cspertinas
1237 1436 1384 1520 synaxim
1414 1435 1497 1500 anti·
1525 1425 1747 1549 {aiffa}

321 1538 459 1622 pbooae,
483 1561 568 1624 quae
590 1541 624 1605 in
647 1539 839 1605 noctemale
862 1539 1053 1624 obsequium
1078 1539 1211 1621 suerint,
1234 1548 1399 1627 promant.
1602 1567 1673 1616 reon.
1740 1526 1748 1547 ’

410 1643 573 1714 XXXII.
619 1645 714 1711 Haec
741 1647 900 1731 ypopanti
929 1647 1112 1731 gaudentes
1140 1648 1230 1733 agite
1252 1648 1371 1718 cuncti.

410 1752 643 1819 Purificatione
654 1753 814 1836 gloriosae
827 1754 959 1836 virginis
977 1756 1112 1836 mariae,
1136 1753 1215 1820 dnm
1231 1755 1375 1822 seniores
1387 1754 1499 1837 edunt,

322 1882 341 1923 :r
355 1861 538 1925 secretariis
552 1859 745 1925 decorentur
756 1858 891 1925 dimidia
905 1881 985 1946 pars
1000 1860 1191 1927 aecclesiae.
1222 1859 1412 1929 Oratorium
1422 1883 1500 1930 vero

321 1967 422 2052 ipsius
445 1965 561 2032 beatae
585 1973 688 2032 toturn
716 1966 940 2035 adornabitur.
987 1967 1045 2033 Ad
1068 1988 1237 2053 vesperam
1259 1967 1363 2035 ΧΙΙεἰ
1381 1968 1500 2036 cande·

321 2073 417 2139 labra
440 2075 604 2139 anteriora
630 2095 718 2155 aruc,
742 2080 775 2140 et
798 2075 982 2159 posteriora
997 2075 1068 2159 ejus
1090 2074 1176 2143 Ver·
1199 2075 1401 2161 Capitulum,
1416 2079 1502 2144 Ecce

324 2188 414 2247 mitto
437 2185 602 2266 arrgelum.
639 2180 903 2265 Responsorium,
927 2184 1129 2268 Responsum
1152 2195 1344 2269 acceperat;
1372 2203 1500 2269 ymnus,

324 2293 398 2353 rive
420 2291 525 2356 rumis
548 2292 656 2355 sulla.
679 2288 705 2375 ][
728 2287 931 2373 Antiphone,
957 2288 1040 2355 Cum
1062 2293 1273 2362 inducerent:
1288 2291 1404 2372 oratio,
1420 2292 1501 2357 Per·

314 2398 381 2481 fiee
403 2397 437 2462 in
460 2398 560 2463 uobis.
606 2394 662 2461 Ad
685 2396 860 2460 stationem
883 2402 961 2460 eant
985 2395 1134 2462 canendo
1157 2395 1202 2461 ad
1218 2395 1333 2462 aedem
1357 2395 1501 2481 ejusdem

324 2502 488 2586 genitricis
517 2502 580 2569 hoc
610 2503 867 2587 responsorium,
900 2505 1007 2569 rreum
1038 2526 1073 2569 es
1095 2505 1220 2571 etruria.
1267 2501 1503 2571 Versiculnaa

324 2608 494 2676 sacerdote
527 2608 672 2692 dicatur,
711 2611 888 2676 Benedicta
931 2620 967 2675 tu
1007 2614 1043 2676 iu
1079 2611 1284 2678 mulieribus.
1340 2614 1503 2678 Dominus

325 2722 505 2797 :misr-um,
530 2718 636 2782 oratio
659 2714 700 2781 de
729 2717 803 2802 ipsa
832 2715 983 2796 domina,
1013 2719 1127 2784 Erudr'
1152 2742 1353 2805 quaesumus
1375 2722 1504 2786 eumue

318 2827 446 2910 plebem
475 2838 576 2890 tirone.
618 2822 846 2888 Inritatorium
877 2822 984 2888 IIII⁰r
1007 2822 1128 2889 fratrea
1157 2824 1192 2889 in
1223 2824 1338 2911 cappis
1366 2831 1502 2894 mant.

325 2930 498 2996 Lectiones
522 2929 562 2994 de
586 2928 787 2995 sermonibus
801 2939 943 3015 patrum
975 2929 1201 3016 Responsoria
1223 2952 1245 2996 a
1258 2930 1346 2998 binis
1361 2952 1403 2999 ac
1416 2931 1503 2998 binis

325 3035 554 3104 cantabuntur.
582 3034 665 3100 Tres
680 3034 814 3101 candele
837 3043 915 3102 ante
939 3056 1042 3116 aram,
1066 3044 1100 3102 et
1122 3037 1308 3122 posteriora
1330 3038 1402 3123 ejus
1417 3059 1502 3121 ως

326 3145 428 3228 primo
458 3152 489 3209 et
520 3142 661 3208 seeundo
695 3151 854 3209 nocturno
884 3151 980 3209 eruut
1009 3144 1067 3209 ita.
1112 3142 1171 3209 Ad
1201 3145 1365 3211 canticum
1391 3152 1502 3212 antem

326 3259 506 3335 augeantur
532 3248 676 3318 i'lsslvs
701 3250 854 3316 anteriori
880 3249 968 3336 parti
993 3256 1027 3315 ct
1052 3251 1228 3335 posteriori
1255 3249 1359 3318 VII&-
1397 3249 1502 3339 Supe-

325 3358 400 3423 riori
424 3358 524 3441 ipsius
539 3356 645 3425 XW·
679 3356 830 3436 Cantica,
854 3359 1011 3443 Populus,
1037 3361 1097 3441 qui
1109 3360 1245 3425 sedebat
1263 3358 1503 3428 interemunt)

326 3465 382 3530 Ad
412 3465 586 3530 stationem
616 3465 871 3549 responsorium,
905 3465 1015 3530 Hodie
1036 3467 1137 3549 uirgo
1158 3468 1293 3532 'rumim
1338 3462 1502 3534 Sacerdos

325 3572 415 3637 dicat
436 3571 637 3652 versiculum,
661 3578 735 3637 Aac
750 3576 861 3638 muria
878 3575 1013 3656 grutr'u.
1048 3568 1180 3654 Oratio,
1195 3574 1289 3638 Deus
1310 3575 1371 3660 qui
1381 3575 1503 3641 salaai

325 3694 485 3746 ‹reu-runc.
517 3679 608 3744 Ante
623 3678 761 3763 primam
785 3678 851 3743 sint
874 3687 942 3743 tres
965 3676 1084 3743 calices
1106 3677 1200 3743 aurei
1222 3700 1321 3765 super
1338 3679 1447 3747 altam
1468 3687 1503 3748 et

326 3784 602 3851 ‹luocandelabra
625 3806 734 3864 aurea,
758 3805 842 3870 quae
862 3785 987 3870 jugiter
1001 3783 1142 3850 ardeant
1165 3783 1199 3850 in
1222 3784 1294 3870 ipso
1316 3784 1380 3869 die,
1395 3793 1430 3853 et
1443 3807 1504 3872 per

325 3913 436 3958 ornnes
451 3891 550 3957 boras
566 3892 630 3956 tria
645 3890 828 3957 accendant
844 3898 920 3956 ante
935 3892 1041 3976 ipsam
1064 3911 1168 3960 aram.
1204 3890 1262 3957 Ad
1275 3891 1504 3960 matutinalem

327 3999 435 4065 munia
457 3997 683 4064 tantummodo
712 4020 779 4064 nna
809 3996 951 4063 collecta
973 3998 1103 4064 dicatur
1124 3997 1160 4064 in
1183 3997 1300 4064 eadem
1320 3996 1503 4066 basilicam.

328 4107 359 4171 A
383 4112 526 4188 sanctus,
550 4115 683 4171 sanctus
705 4105 812 4170 cuncti
835 4105 1020 4170 vestiantur
1041 4103 1161 4170 fratres
1184 4105 1219 4170 in
1234 4103 1329 4174 albia.
1359 4103 1505 4192 Expleta

326 4215 398 4297 ipsa
421 4233 515 4278 sacra
544 4221 678 4278 sonetur
700 4212 837 4295 signnm,
860 4210 987 4277 faciant
1010 4211 1200 4277 orationem.
1231 4210 1351 4279 Denuo
1372 4211 1505 4298 pulsato
1596 4241 1601 4246 ·

327 4318 467 4385 reddant
489 4319 615 4385 horam.
661 4317 773 4402 Ipsam
803 4327 921 4382 exacta
944 4317 1110 4402 accipiant
1132 4316 1240 4383 1111«
1263 4318 1408 4385 seniores
1429 4317 1504 4385 reli·

326 4428 420 4511 «prins
443 4427 594 4504 minores,
618 4432 726 4491 textos
748 4423 989 4508 evangeliorum
1020 4423 1103 4490 duos
1126 4424 1219 4510 pueri
1243 4424 1364 4492 tunicis
1385 4424 1504 4506 induti,

326 4534 471 4599 conversi
510 4532 592 4598 duos
624 4551 752 4610 cruces,
783 4529 916 4596 tertium
946 4528 1137 4596 crucifixum
1170 4549 1317 4599 aureum.
1369 4530 1503 4616 Aquam

326 4647 489 4720 sanctam,
525 4637 590 4704 dno
623 4635 766 4702 turibula
794 4657 913 4720 aurea,
943 4657 1072 4703 necnon
1100 4643 1136 4703 et
1165 4634 1272 4702 1111«
1289 4635 1501 4707 candelabra.
