3792 5375
192 801 225 840 (ο)
245 799 272 839 lu
291 798 411 839 Brentesio

193 871 321 910 Mons-tiro
344 866 409 914 (car.

192 943 259 981 vass.
271 941 311 981 sta
320 940 350 980 sl.
361 940 411 989 125)

224 1012 321 1051 habetur
342 1012 384 1050 ture

191 1093 285 1130 sermo,
316 1081 403 1131 sociiis

192 1165 238 1196 me.
261 1165 274 1189 e
294 1151 369 1192 l'arrls
388 1159 410 1191 er

223 1221 380 1266 eustachium,

191 1305 263 1344 quem
278 1293 369 1343 require
384 1292 409 1332 Ρ.

216 1366 242 1405 l..
258 1363 327 1405 XXX.
343 1367 389 1404 12⁸3.

905 575 1149 638 -102-

438 777 541 843 sancti
572 768 792 842 hieronimil⁸l
835 766 1093 853 Responsorium
1127 765 1169 833 ele
1202 766 1277 852 ipsa
1306 769 1415 839 beata.
1460 770 1503 837 In
1535 788 1616 835 una·
1649 824 1652 829 .

439 904 587 970 (luneque
609 887 770 947 nocturna
793 873 941 959 singulae
965 873 1175 960 antiphonae.
1222 875 1264 941 ln
1293 880 1471 945 matutinas
1500 875 1617 944 laudes

438 1011 536 1057 unum
560 988 685 1072 siguum
708 982 896 1073 pulsabitur
917 987 952 1047 et
974 981 1118 1067 psalmos
1146 981 1207 1049 snb
1236 1006 1303 1051 una
1332 985 1515 1073 antiphona
1543 1004 1617 1070 pro·

438 1104 543 1176 mant;
568 1102 791 1162 verumtamen
814 1110 912 1155 unam
935 1110 976 1154 ex
998 1088 1071 1153 istis
1091 1109 1151 1174 per
1170 1089 1314 1175 singulos
1329 1091 1410 1175 dies,
1434 1096 1616 1179 Assrempta

437 1218 486 1270 est
508 1205 623 1269 ,llaria
655 1204 768 1288 Virgo.
816 1199 856 1264 ln
878 1197 1044 1262 laederem.
1090 1198 1241 1264 Pulchra
1264 1221 1307 1266 es.
1350 1199 1616 1286 Responsorium,

439 1313 554 1394 Elegit
582 1334 654 1375 rara
684 1313 774 1376 deas.
820 1301 863 1369 In
892 1300 1077 1386 expletione
1087 1302 1113 1388 ¹)
1144 1307 1459 1386 commemorationis
1488 1311 1618 1371 sanato·

438 1438 508 1482 runs
519 1415 546 1503 ¹)
570 1415 702 1481 veniant
724 1414 757 1479 in
789 1411 888 1478 alium
920 1407 1056 1475 chorum
1085 1415 1119 1475 et
1148 1409 1260 1477 dicant
1292 1412 1337 1479 ibi
1372 1412 1550 1479 matutinas
1584 1417 1619 1477 et

440 1526 530 1589 Dens
552 1523 692 1588 auribus
700 1520 727 1605 ¹)
750 1525 784 1585 et
806 1539 863 1584 sex
887 1516 1032 1600 psalmos
1055 1537 1116 1601 pro
1146 1516 1311 1585 defunctis
1340 1526 1375 1586 et
1403 1525 1482 1586 tunc
1510 1539 1617 1585 rerer·

438 1636 551 1695 tantur
574 1626 745 1712 pausando
768 1622 970 1704 dormitorio,
999 1623 1026 1688 si
1050 1621 1159 1690 adhuc
1182 1624 1251 1691 dies
1274 1648 1340 1692 non
1364 1632 1424 1694 est.
1471 1624 1529 1692 Ad
1551 1625 1618 1711 pri·

439 1756 534 1816 inam,
559 1737 723 1801 Miserere
737 1736 803 1800 mei
823 1734 906 1799 deas
928 1728 980 1795 rel
1003 1729 1031 1795 si
1053 1729 1187 1816 inpositi
1210 1731 1265 1798 alii
1290 1731 1411 1800 suerint
1432 1731 1619 1819 proaliquo

438 1863 534 1929 opere
559 1848 593 1908 et
617 1835 711 1908 VII¹⁵
725 1837 870 1926 psalmos
894 1842 995 1920 atque
1025 1833 1213 1905 laetaniam.
1248 1838 1334 1906 Dein
1358 1841 1457 1907 missa
1478 1859 1540 1925 pro
1562 1837 1619 1906 de'·

439 1948 568 2017 iunctis.
607 1947 649 2013 In
672 1946 815 2013 claustro
838 1943 1018 2027 loquantur
1040 1944 1126 2010 siout
1147 1944 1181 2010 in
1204 1945 1279 2012 aliis
1303 1945 1425 2014 (liebus.
1464 1945 1507 2013 In
1530 1946 1619 2013 boris

439 2061 648 2122 assumantur
669 2053 869 2139 antiphonae
891 2050 1112 2132 nocturnales,
1136 2073 1221 2139 quae
1244 2054 1457 2137 conveniant,
1487 2053 1554 2120 sive
1578 2052 1619 2119 ‹le

438 2160 604 2245 laudibus,
636 2183 693 2227 seu
717 2181 757 2227 ex
781 2156 963 2242 evangeliio
986 2164 1045 2223 aut
1067 2157 1108 2224 de
1138 2160 1274 2226 canticis
1305 2161 1515 2228 canticorum.
1562 2157 1619 2225 Ad

439 2269 569 2334 tertiam
592 2290 666 2334 cum
689 2266 809 2335 Custos
832 2262 993 2333 ecclesiae
1015 2265 1196 2332 insonuerit
1225 2267 1370 2351 signum,
1400 2277 1480 2335 eant
1508 2287 1621 2334 omnes

292 2424 304 2478 ¹.
313 2401 350 2428 rr
439 2384 473 2443 et
496 2374 619 2441 iaciant
641 2375 823 2441 orationem
847 2378 881 2438 et
903 2377 982 2437 tuuc
1005 2370 1031 2458 ][
1053 2371 1232 2439 induantur
1254 2372 1338 2440 albis
1358 2373 1417 2456 illi,
1441 2373 1558 2461 quibus
1576 2372 1620 2439 ad

190 2935 223 2975 a>
242 2931 316 2972 mm.
330 2931 412 2981 xxiv,

439 2502 568 2548 sacrum
597 2483 718 2549 servire
748 2499 939 2549 consenum
970 2486 1029 2544 est.
1082 2478 1168 2545 Dein
1197 2480 1315 2548 iterum
1344 2482 1496 2568 pulsante
1526 2481 1620 2566 signo

438 2594 539 2674 agant
561 2587 686 2656 boram.
731 2585 857 2655 Psalmi
887 2583 1067 2652 familiares
1095 2586 1131 2653 in
1161 2587 1317 2655 horarum
1346 2587 1465 2655 finibus
1486 2608 1552 2656 non
1574 2588 1620 2654 iu·

438 2702 572 2781 ponant.
618 2694 762 2781 Expleta
783 2691 884 2762 tertia
911 2691 1091 2760 infantulus
1121 2693 1280 2780 incipiant
1308 2695 1495 2763 laetaniam.
1541 2693 1621 2762 Offi-

440 2803 539 2883 cium,
571 2803 701 2870 Valtmn
731 2817 823 2870 traam
853 2802 1129 2887 deprecabantur.
1175 2799 1373 2886 collectam,
1404 2805 1620 2871 ebremarum

440 2923 580 2979 tuorum.
611 2907 726 2976 Lectio
749 2909 791 2977 sle
813 2905 988 2996 sapientia.
1020 2910 1059 2974 ln
1074 2912 1223 2977 oerraibas
1238 2910 1433 2997 requieseat)
1470 2908 1621 2996 Respon-

316 3029 323 3043 ·
441 3015 578 3099 sarium,
614 3018 791 3085 Benedicta
825 3028 858 3083 et
887 3016 1100 3081 venerabilis.
1146 3017 1312 3104 Alleluja,
1348 3020 1529 3105 Assumpta
1562 3029 1621 3087 est.

305 3150 375 3195 ..,·
397 3172 404 3184 .
441 3122 666 3206 Evangelium,
697 3127 845 3191 Intravit
855 3117 1004 3211 jesusi‘)
1034 3117 1256 3206 Offertorium,
1272 3127 1348 3190 Aee
1362 3125 1474 3191 maria
1487 3127 1620 3211 gratia.

194 4426 219 4467 (d
241 4422 416 4469 beabit-ti.

442 3227 646 3309 Communio,
673 3234 776 3298 Beata
799 3232 942 3298 viscera.
990 3226 1073 3293 Item
1103 3228 1192 3294 abad
1221 3227 1379 3314 officium,
1412 3233 1622 3298 Gaudeamus

442 3360 560 3405 orienes.
607 3335 693 3404 Item
720 3336 870 3413 tertium.
900 3336 1004 3401 Salve
1029 3349 1146 3405 sarreia
1169 3349 1309 3422 pareas.
1355 3336 1622 3424 Responsorium,

444 3446 556 3531 „specie
587 3456 654 3514 nea.
701 3447 868 3534 elllelreja,
901 3443 984 3508 Veni
1004 3442 1106 3510 eiecta
1130 3465 1213 3512 area.
1260 3440 1491 3529 Offertorium,
1515 3447 1623 3513 Filiae

442 3573 571 3636 regum.
618 3549 827 3634 Communia,
851 3551 1019 3618 Dilexisti
1035 3552 1219 3638 justitiam.
1265 3548 1436 3637 Vesperae
1465 3550 1526 3618 sub
1556 3571 1624 3618 una

443 3655 622 3743 antiphona
645 3657 814 3743 dicentum
846 3654 966 3744 psalmi
995 3653 1134 3725 feriales.
1181 3654 1401 3724 servitoribus
1430 3656 1624 3725 exeuntibus

442 3763 483 3829 ‹le
506 3762 680 3830 refectorio
709 3772 811 3849 agant
839 3760 982 3832 oilieium
1017 3769 1227 3829 mortuorum.
1275 3761 1311 3830 Si
1344 3765 1472 3831 venerit
1504 3762 1625 3849 aliquis

443 3876 592 3953 sanctus,
621 3870 709 3938 unde
732 3870 785 3956 agi
809 3868 934 3939 debent
956 3874 1025 3935 tres
1047 3867 1204 3935 lectiones
1226 3876 1304 3936 tunc
1326 3869 1477 3956 legantur
1503 3890 1624 3937 sermo·

443 3974 551 4060 nen1¹)
574 3975 615 4043 de
639 3985 754 4043 sancta
777 3975 883 4044 mama
906 3979 940 4040 et
963 3976 1172 4061 responsoria
1193 3975 1235 4042 de
1258 3982 1374 4043 sancto
1396 3982 1560 4063 promant,
1590 3985 1625 4044 et

442 4083 476 4147 in
499 4081 614 4149 laudes
637 4084 779 4168 quinque
802 4079 1005 4170 antiphonae
1029 4080 1192 4166 dicantur,
1216 4088 1250 4149 et
1272 4081 1315 4149 ad
1336 4102 1395 4149 ora
1409 4083 1509 4150 tertia
1523 4083 1626 4149 missa

443 4208 483 4253 ex
506 4210 545 4255 co
569 4188 762 4260 celebretur.
809 4186 959 4258 Sabbato
982 4186 1041 4254 fiat
1064 4188 1107 4255 acl
1136 4196 1283 4256 sanctam
1310 4210 1449 4259 crucem.
1495 4186 1532 4258 si
1553 4188 1625 4257 dies
1712 4206 1716 4215 ·

444 4293 607 4362 doninica
629 4296 807 4364 occurrerit
829 4294 942 4364 omnia
965 4302 1068 4381 agant
1089 4294 1131 4362 de
1152 4294 1251 4362 beata
1272 4296 1396 4382 virgine
1416 4303 1451 4363 et
1470 4296 1504 4362 in
1526 4296 1625 4364 tertio

443 4409 603 4467 nocturno
618 4404 850 4488 pronuntietur
871 4400 1088 4486 evangelium,
1112 4404 1251 4489 Repleta
1267 4416 1316 4470 est
1328 4407 1449 4490 spiritu
1462 4401 1625 4473 sesessit

443 4566 532 4573 ,..,-
559 4566 657 4576 -e-on

534 4651 554 4719 ι)
573 4651 689 4709 ΒΜ,

532 4740 556 4810 ')
575 4739 608 4796 la
626 4745 721 4797 testu:
739 4740 923 4798 &nm
