3792 5375
751 440 996 503 -173-

282 655 348 713 nos,
381 643 413 697 et
439 634 612 700 auxiliare
641 634 749 713 nabin·
784 650 942 721 erpngrea
972 634 1202 721 inpugnantes
1232 657 1305 716 reos,
1329 637 1468 721 frange

281 743 380 807 etiam
409 742 598 827 snperbiam
629 742 781 819 iliornm,
814 746 873 827 qni
901 752 992 808 trium
1022 743 1128 807 luerem
1156 754 1190 809 et
1210 764 1268 808 nos
1290 743 1465 831 affigunt.

289 847 335 912 Tre
357 850 423 913 scis
446 849 585 925 dorreine,
610 850 669 934 qni
688 858 767 914 snnt
786 849 842 915 iiii
862 859 894 914 et
914 850 1046 914 rioreeina
1068 849 1213 929 illorum,
1237 863 1380 935 corpore
1393 872 1466 936 quo

283 976 343 1039 qne
366 977 476 1021 enrrem
492 967 525 1021 et
539 957 639 1020 eorda
657 968 833 1038 antennam
850 968 1062 1021 nascerentur
1077 956 1140 1022 tibi
1152 957 1219 1022 soli
1230 967 1310 1022 sunt
1322 955 1466 1041 cognita.

285 1059 492 1147 Quapreupter
515 1084 567 1127 eas
590 1059 614 1148 ][
637 1063 717 1127 dens
739 1063 827 1128 sient
847 1064 913 1128 seis
927 1063 1081 1149 justifico
1103 1066 1138 1129 in
1162 1066 1286 1130 uirtute
1307 1075 1378 1144 tua,
1399 1065 1469 1147 sae

283 1189 336 1233 eos
366 1190 616 1253 recognoscere,
640 1183 743 1254 prone
773 1170 834 1235 noi
853 1171 966 1255 piacet
987 1191 1049 1234 sna
1072 1170 1275 1254 rnalesaeta.
1305 1182 1340 1237 et
1359 1173 1468 1237 tibere

285 1297 341 1341 rios
364 1278 397 1342 in
422 1276 652 1342 reinerieordia
677 1288 744 1341 tna.
792 1278 843 1342 Xe
866 1277 1031 1361 despicias
1053 1299 1111 1343 nas
1133 1279 1263 1344 doneine
1285 1278 1469 1344 clamantes

286 1384 334 1448 ad
352 1394 384 1448 te
405 1386 439 1450 in
463 1384 657 1469 afflictione,
680 1385 742 1449 sed
754 1396 895 1470 propter
907 1384 1059 1468 gloriam
1074 1383 1215 1450 riorninis
1229 1387 1283 1451 trei
1294 1394 1328 1450 et
1340 1387 1468 1451 russeri-

287 1490 443 1570 eordiam,
476 1514 540 1575 qna
564 1491 671 1556 ioenm
695 1491 794 1558 istnm
812 1491 984 1575 fundasti,
1007 1504 1040 1558 et
1059 1494 1094 1557 in
1116 1492 1271 1557 leonarem
1288 1491 1470 1575 genonis

287 1611 362 1663 nnn
389 1598 594 1677 sublimasti,
627 1598 729 1665 visita
759 1621 817 1664 eras
840 1599 875 1665 in
892 1611 994 1683 paee,
1024 1609 1156 1665 eterne
1177 1620 1236 1665 nos
1257 1622 1280 1664 a
1298 1600 1473 1684 praesenti

287 1704 455 1789 inungendo.
502 1707 621 1771 Amen.
669 1702 743 1790 Quo
773 1703 915 1771 elssnore
949 1702 1038 1770 sueto
1071 1712 1283 1789 reportentur
1310 1703 1470 1791 reliquiae

288 1810 354 1876 suis
378 1808 474 1894 locis,
505 1817 539 1877 et
562 1809 653 1877 <licut
676 1808 828 1877 sacerdos
852 1809 912 1877 sub
936 1809 1066 1878 silentio
1088 1810 1239 1894 collecte,
1268 1813 1391 1879 Libera
1414 1834 1471 1880 nos

288 1940 485 2002 ‹peaesnmns
508 1921 660 1985 Domine.

486 2169 589 2246 Item.
645 2170 700 2246 De
729 2171 857 2246 endem
885 2171 923 2245 in
952 2170 1023 2246 olis
1050 2170 1276 2254 diffinitione

381 2363 599 2433 xxxvlll.
634 2363 718 2431 Cum
741 2364 943 2432 sumserint

291 2492 309 2535 e
333 2469 476 2554 capitulo
500 2469 553 2537 elie
570 2471 733 2539 dominico
749 2479 865 2539 sonent
883 2473 1019 2557 signum,
1042 2480 1141 2557 egunt
1157 2472 1352 2541 orationem.
1386 2472 1473 2541 Dein

292 2586 388 2643 exeat
418 2577 573 2645 sacerdos
604 2601 678 2646 cum
708 2579 889 2647 insontibus
918 2588 951 2646 et
980 2588 1178 2665 praeparent
1205 2602 1241 2648 se
1263 2579 1308 2647 ud
1331 2579 1475 2647 unionem.

292 2682 385 2754 Tunc
416 2693 510 2754 sonet
540 2686 667 2773 signum
696 2686 818 2768 (tenuo,
849 2686 937 2773 quod
966 2686 1070 2770 rnunjus
1093 2696 1162 2768 est,
1193 2686 1277 2755 dues
1298 2687 1387 2755 vioe·
1414 2709 1475 2774 pro

294 2791 526 2878 aelunntione¹)
541 2795 724 2882 principali.
748 2795 804 2862 Au
817 2795 1034 2880 expletionem
1050 2790 1353 2879 evmugelii'diestur
1368 2796 1476 2864 Credo

294 2906 328 2969 in
356 2927 454 2969 eerrrnn
480 2906 599 2970 Ile-nm.
645 2901 719 2986 Quo
741 2902 871 2988 expleto
893 2901 1052 2967 escendat
1073 2902 1236 2968 antimius
1257 2902 1292 2968 iu
1313 2900 1476 2988 pulpitum

294 3017 328 3074 et
351 3011 479 3076 nuntiet
502 3009 590 3094 plebi
616 3008 773 3076 surrulitinnn
797 3016 1052 3095 persecutorum.
1098 3007 1186 3075 Dein
1209 3007 1369 3094 prooedrt
1391 3008 1476 3075 elius

296 3113 456 3182 sisteret
485 3116 575 3199 legat
606 3116 835 3198 anathemato,
869 3114 918 3183 vel
949 3114 1125 3182 maledieta
1153 3122 1222 3182 tum
1253 3115 1346 3197 novi,
1377 3136 1476 3202 quum

296 3222 395 3286 ueteri
426 3225 615 3289 testamenti
645 3223 823 3291 secundum
853 3222 1028 3290 utilitatem
1062 3244 1103 3289 uc
1132 3222 1314 3307 jussionem
1349 3245 1371 3290 s
1400 3221 1477 3289 sede

296 3327 477 3411 apostolico
498 3339 680 3415 occeptum,
704 3338 737 3397 et
760 3353 780 3396 n
804 3330 915 3396 ricinis
938 3331 1097 3415 episeopis
1120 3328 1348 3414 probationem
1363 3328 1477 3396 &tem

297 3433 557 3503 iurisdictionem
588 3459 653 3504 non
678 3436 943 3520 emendantibus,
976 3436 1237 3503 benedictionem
1266 3437 1324 3521 eis,
1355 3436 1413 3524 qni
1443 3457 1479 3504 so

297 3550 496 3628 praeparant
520 3544 564 3610 nd
588 3544 843 3614 emendationes.
878 3545 955 3631 Quo
976 3543 1062 3610 leotn
1084 3544 1297 3629 extinguntur
1309 3544 1479 3629 candens,

296 3648 468 3734 pulsentur
501 3652 612 3718 omnia
641 3653 741 3737 signa.
788 3651 953 3718 Dimissus
985 3658 1197 3736 prosternunt
1213 3671 1264 3719 ue
1297 3673 1413 3720 omues
1445 3650 1479 3718 iu

298 3766 402 3841 terro,
433 3767 465 3823 et
495 3757 556 3824 hos
587 3758 731 3844 pnsnlmos
761 3759 957 3842 decantent,
987 3762 1127 3827 Dorniree
1157 3762 1242 3844 qnid
1262 3761 1483 3846 nmitipiicati

298 3878 383 3932 sient.
430 3868 523 3932 Dens
551 3880 671 3933 noster.
719 3869 810 3933 Deris
833 3870 868 3934 in
889 3867 1108 3957 adp'retorirnn,
1139 3865 1294 3934 velintne
1318 3864 1402 3933 duos
1423 3864 1480 3933 sti·

300 3972 470 4055 iungentes
499 3970 542 4037 nd
573 3972 671 4039 deum
693 3981 859 4056 nostrum,
890 3975 1106 4044 Bemdixisti.
1153 3976 1399 4055 fieredammta,
1429 3971 1481 4039 eol

300 4078 413 4162 quoles
435 4077 613 4146 habuerint
635 4081 823 4147 constitutis
846 4102 886 4147 ex
910 4080 993 4148 aliis.
1024 4079 1193 4165 Capitulis,
1213 4080 1356 4148 Ostende
1377 4080 1480 4148 naon.

301 4187 380 4252 Esto
403 4188 494 4254 nobis
516 4191 656 4258 eluserint.
695 4191 837 4275 Exurge
860 4189 1010 4257 Domine.
1049 4185 1237 4272 Orationes,
1264 4187 1410 4255 Concede
1425 4208 1482 4254 reos

290 4294 444 4379 sarrrnlos
466 4306 550 4379 tnos,
574 4320 780 4383 quaesumus,
805 4297 934 4362 deumne
951 4309 1111 4382 perpetna
1134 4294 1253 4362 mentis
1274 4305 1309 4361 et
1321 4296 1482 4380 corpores.

303 4401 511 4488 Omnipotens
546 4407 743 4490 sempiterne
779 4403 859 4472 dens
897 4413 1088 4483 rirestornm,
1126 4399 1178 4467 uel
1216 4399 1303 4467 sicut
1341 4398 1484 4466 diximus

358 4549 486 4557 ο...-

391 4617 414 4682 ¹)
432 4615 547 4672 Rerum.
