3792 5375
795 482 1017 545 „19-

317 674 442 760 phona,
468 675 574 761 Apud
599 676 787 744 Donrimmr.
834 671 892 741 Ad
921 674 1096 740 stationem
1120 673 1313 761 antiphona,
1344 676 1503 743 Abscbns

317 796 425 848 nazar
446 787 515 846 tarn
538 779 728 846 modernam
758 803 855 866 quarn
887 802 946 867 per
976 788 1080 848 totam
1109 779 1370 849 moderationem
1400 781 1503 868 ipsius

317 910 420 973 usque
452 887 497 953 ad
525 893 677 954 octavum
706 885 792 954 diem
823 887 960 954 dicende
995 895 1081 956 snut
1127 886 1325 974 Antiphona
1354 887 1423 956 sire
1452 908 1503 955 rc·

318 994 523 1079 sponsorinm
557 994 598 1061 de
630 993 750 1060 domini
784 995 906 1075 natali,
941 1015 1028 1080 qnae
1058 994 1194 1062 veniunt
1226 994 1267 1062 do
1297 995 1370 1082 ipsa
1392 993 1502 1065 beata.

318 1101 557 1182 Inritatorinm,
585 1103 735 1168 Claranus
749 1107 909 1188 apparuit
931 1104 1032 1171 arabia
1064 1102 1131 1169 Per
1146 1122 1412 1188 unamquamque
1427 1122 1504 1168 uoc-

318 1217 448 1273 tnruam
472 1228 540 1273 nna
563 1207 789 1274 tantummodo
812 1206 1008 1294 antiphona,
1039 1230 1125 1295 quae
1155 1229 1228 1275 cum
1259 1209 1339 1294 ipsis
1368 1207 1505 1296 psalmis

319 1322 500 1399 coaptetur.
547 1313 605 1381 Sin
629 1314 712 1380 alias
741 1335 807 1380 uon
838 1336 873 1380 se
902 1315 1062 1395 sirnilaut,
1093 1314 1205 1381 dicam
1234 1315 1326 1398 illas,
1356 1336 1442 1401 quae
1471 1315 1504 1380 iu

319 1422 487 1506 evangelio
516 1422 741 1499 inueniuntur,
772 1419 931 1487 lectiones
961 1421 1173 1506 epistolarum
1205 1421 1305 1507 pauli.
1357 1421 1505 1507 Respon-

319 1530 452 1610 sorium,
476 1530 584 1595 Hodie
606 1533 641 1595 ia
664 1531 801 1595 iordane
824 1536 858 1594 et
874 1527 951 1610 alia,
974 1549 1061 1614 qnae
1076 1537 1268 1613 sequnntur.
1307 1527 1507 1595 Familiares

318 1635 463 1721 psalmos
486 1633 550 1700 iton
573 1636 751 1719 imponant
799 1634 866 1701 Sed
889 1634 974 1718 ilico,
999 1642 1035 1701 ut
1058 1634 1158 1702 suerit
1179 1636 1287 1721 ipsum
1311 1634 1506 1722 obsequium

320 1749 590 1822 consummatum,
615 1749 716 1826 agant
739 1742 865 1827 vigilias
880 1749 1084 1809 mortuorum
1100 1750 1134 1809 et
1153 1743 1282 1809 illorum
1299 1743 1507 1808 matutinum.

320 1849 407 1914 Exin
430 1849 556 1935 siguum
580 1847 711 1934 pulsent
733 1857 767 1915 et
789 1849 905 1915 laudes
927 1845 1096 1934 incipiant.
1143 1849 1190 1916 Et
1217 1849 1282 1916 bae
1305 1849 1508 1935 antiphonae

322 1955 459 2021 dicenda
489 1963 658 2021 suntuna
686 1961 814 2021 tautum
844 1977 904 2042 per
932 1977 1195 2042 unumquemque
1225 1955 1312 2024 diem
1343 1954 1388 2022 ad
1416 1956 1508 2042 ipsas

321 2061 447 2144 laudes,
470 2067 608 2147 Apertis
628 2066 802 2130 thesauris.
835 2065 954 2130 Maria
975 2075 1007 2129 ct
1017 2066 1178 2150 stamina.
1211 2064 1362 2131 l'ideates
1375 2065 1508 2131 stellam

322 2172 426 2256 azagi.
458 2170 538 2254 Ipsa
561 2171 870 2255 matutinaperacta
893 2170 926 2236 iu
950 2169 1051 2235 alium
1075 2169 1211 2236 chorum
1226 2171 1371 2253 veniant,
1387 2168 1507 2236 ibidem

322 2285 423 2361 agant
446 2285 631 2343 sanctorum
648 2278 837 2360 matutinas,
861 2281 954 2344 Deus
969 2279 1107 2345 uteribus
1122 2280 1244 2345 uostris
1260 2283 1295 2344 et
1310 2274 1358 2345 V0
1371 2273 1509 2363 psalmia

322 2407 382 2470 pro
422 2383 592 2450 defunctis.
643 2382 820 2451 Secretarii
858 2385 980 2470 qnippe
1018 2384 1194 2450 sustollant
1232 2389 1430 2450 ornamenta
1447 2381 1509 2460 ,de

323 2492 470 2559 ecclesia.
517 2489 574 2556 Aa
608 2491 746 2575 primam
768 2490 930 2576 psalmus,
965 2492 1129 2558 Miserere
1158 2493 1353 2575 secundum
1383 2497 1509 2575 septem

323 2597 466 2683 psalmos
490 2605 523 2663 et
545 2597 734 2663 laetaniam.
772 2596 830 2663 Aa
853 2596 1032 2683 capitulum
1056 2597 1185 2677 dicant,
1210 2600 1304 2665 Deus
1325 2599 1361 2665 in
1380 2598 1509 2686 acijuto·

324 2711 413 2773 riam
430 2716 463 2770 et
474 2726 580 2790 genua
593 2726 657 2771 non
673 2704 835 2771 flectatur.
867 2703 1027 2772 Similiter
1043 2704 1086 2771 ad
1103 2704 1213 2773 horas.
1247 2704 1361 2791 Usque
1377 2704 1510 2772 tertiam

324 2813 439 2878 horam
462 2810 639 2897 loquantur
660 2812 694 2877 in
718 2811 872 2880 claustro.
911 2812 994 2880 Mox
1017 2819 1056 2880 nt
1078 2813 1206 2898 signum
1228 2810 1411 2897 pulsaverit
1433 2817 1512 2879 aaut

256 2955 258 2960 ‚
324 2918 359 2983 in
383 2917 564 3001 ecclesiam,
588 2918 714 2985 saciant
737 2919 930 3000 orationem,
955 2927 989 2986 et
1011 2920 1131 2986 vestiat
1154 2941 1191 2986 ae
1213 2917 1371 2986 sacerdos
1393 2925 1429 2986 et
1443 2916 1511 2999 alii,

325 3027 381 3109 qui
404 3026 508 3110 ipsum
532 3024 748 3112 ob][sequium
772 3024 895 3093 debent
917 3025 1107 3112 adimplere.
1154 3026 1224 3092 Per
1238 3026 1338 3094 boras
1361 3024 1513 3092 videlicet
1595 3041 1635 3083 au
1650 3043 1694 3081 ι’*

326 3131 539 3218 antiphonam
563 3131 677 3198 dicant
699 3132 739 3199 dc
763 3132 941 3218 evangelio,
965 3132 1016 3198 rel
1039 3132 1126 3216 illas,
1154 3155 1238 3219 quas
1261 3131 1306 3199 ad
1334 3139 1514 3200 nocturnos

325 3238 459 3306 habent.
504 3238 610 3305 Missa
633 3258 709 3307 uero
733 3240 828 3305 sicuti
851 3239 993 3306 babetur
1015 3241 1049 3305 in
1080 3240 1229 3325 ejusdem
1259 3238 1439 3331 festivitate
1466 3237 1514 3304 ita

325 3352 511 3431 peragatur.
543 3345 611 3414 Sed
627 3353 738 3412 tamen
752 3345 989 3431 providendum
1012 3354 1063 3413 est
1086 3347 1128 3413 de
1143 3345 1224 3433 ipsis
1239 3344 1371 3413 duabus
1386 3343 1514 3426 diebus,
1554 3351 1557 3356 '

326 3473 409 3537 ‹puas
440 3452 543 3518 ΙΠΙω
568 3461 603 3520 et
624 3453 702 3522 VI¹³
730 3474 957 3537 nuncupamus
991 3452 1108 3519 leriam
1140 3461 1179 3519 nt
1213 3452 1326 3521 dicant
1360 3450 1514 3532 officium,

335 3561 799 3643 lt·11itead0re11111s;oratio,
824 3562 1032 3646 Omm'potms
1061 3565 1258 3647 serrapiterne
1279 3563 1361 3628 decas
1390 3562 1514 3645 da‘rige.

326 3665 479 3750 Epistola
513 3666 599 3733 sicut
631 3665 752 3732 ibidem
786 3665 960 3732 invenitur.
1006 3664 1283 3752 Respousorium‚
1318 3666 1516 3734 Benedictus

327 3774 477 3840 doctrinas
499 3777 580 3839 deles
602 3775 715 3854 israel,
741 3777 801 3856 qui
812 3776 921 3857 sacis.
969 3775 1130 3862 Allelaja,
1156 3775 1319 3852 sscbilute.
1365 3771 1516 3856 Evange·
1596 3833 1604 3843 .

327 3880 406 3945 lium
437 3901 513 3947 vero
544 3880 628 3946 sicut
657 3880 689 3945 iu
719 3879 800 3966 ipsis
830 3877 945 3944 diebus
975 3878 1103 3946 feriatis
1133 3878 1222 3945 afixa
1251 3886 1329 3946 snut
1356 3877 1391 3944 iu
1425 3883 1517 3945 texto

329 3986 499 4071 evangelii.
546 3985 773 4069 Offertorium‚
797 3984 949 4057 Jabilaa·
972 3989 1054 4056 Deo.
1100 3983 1314 4069 Communia,
1344 3986 1417 4053 I-i‘li
1436 3987 1521 4070 qaid

318 4098 441 4178 feristi
461 4095 562 4161 nobis.
609 4092 665 4158 Ad
689 4113 858 4179 uesperam
881 4092 1084 4160 solummodo
1106 4114 1175 4160 uua
1197 4092 1381 4179 antiphona
1405 4089 1516 4160 termi-

329 4208 425 4266 netur
447 4221 520 4265 cnm
544 4199 689 4285 pardinis,
713 4199 768 4285 qni
793 4198 907 4265 diatim
930 4199 1076 4267 veniunt.

421 4303 562 4376 XXIV.
586 4303 701 4373 Sancti
724 4307 846 4392 quippo

420 4412 534 4500 hylarii
563 4414 681 4479 lesturn
712 4420 811 4498 atque
846 4412 997 4494 octabas,
1031 4433 1117 4499 qnae
1147 4411 1246 4480 simul
1276 4412 1412 4480 veniunt
1440 4433 1517 4479 eou-

330 4542 410 4606 grne
433 4519 597 4587 celebrare
624 4542 690 4586 non
719 4541 908 4607 possumus,
939 4520 1004 4587 nisi
1037 4520 1180 4606 primurn
1204 4519 1246 4587 de
1277 4526 1393 4587 sancto
1423 4539 1517 4606 prae·

331 4626 419 4695 dioto
443 4634 519 4694 ante
542 4627 725 4711 lucerinus,
749 4634 787 4694 nt
809 4634 1035 4694 antecessores
1057 4627 1162 4696 nostri
1178 4626 1339 4695 iecerunt.
1372 4626 1427 4694 De
1444 4626 1518 4713 ipso

1332 4783 1335 4788 .
1370 4732 1409 4790 8*
