3792 5375
192 709 231 749 τι)
242 707 269 746 n.
281 705 307 747 ικ
317 704 420 755 xxxix,

280 777 344 817 atat.

930 496 1152 558 „33-

450 690 565 758 Filioli
592 688 659 756 atrei
684 691 797 756 aradae
826 712 885 755 aros
914 702 947 756 et
974 690 1113 755 liberate
1138 685 1247 755 vos.(⁸)
1296 686 1537 772 Responsoria,
1568 686 1638 765 Qui

449 808 603 883 operatus
626 808 682 876 cst,
713 801 878 881 quaartum,
910 801 1062 861 octavum
1086 803 1119 861 et
1141 792 1369 861 duodecimum
1388 814 1413 860 a
1436 790 1563 858 duobus
1586 789 1635 856 di·

373 983 377 991 Ι
449 909 567 968 cantur
582 909 616 967 et
630 901 736 985 ipsum
762 900 949 967 duodenum
972 910 1047 986 post
1065 899 1252 969 Gloriama
1274 900 1381 987 capite
1403 895 1633 984 recapitulent.

194 2421 199 2440 ¹
205 2415 232 2455 ¹⁹)
253 2411 331 2452 Galsa
347 2410 366 2462 Ι,
382 2415 414 2451 rt.

448 1007 507 1074 Ad
529 1008 661 1074 cantica
684 1014 869 1092 augeantur
892 1008 958 1074 duo
982 1008 1067 1074 cerei
1090 1015 1168 1075 ante
1191 1029 1293 1075 aram.
1340 1005 1445 1074 Retro
1475 1002 1634 1083 similiter,

449 1115 482 1180 in
497 1115 625 1200 pantica
641 1113 837 1198 ‹prindecim
868 1114 909 1180 In
925 1114 1024 1181 latade
1040 1136 1165 1202 pannus,
1190 1118 1316 1182 Ποίων
1330 1117 1497 1199 egregiae.
1528 1108 1634 1197 Quem

449 1220 562 1287 dicunt
585 1221 680 1287 sictdi
704 1221 765 1307 ipsi
788 1243 902 1288 sersus
926 1221 1003 1287 atixi
1028 1230 1105 1288 sum
1127 1222 1159 1287 in
1182 1242 1353 1307 ymnorum
1375 1219 1460 1286 libro
1484 1218 1635 1305 usquein

450 1328 556 1395 tinem.
610 1327 776 1395 Sacerdos
806 1328 850 1393 sit
879 1328 911 1393 in
941 1349 1049 1414 cappa
1078 1328 1198 1394 altaria
1228 1325 1461 1395 circumdando
1491 1325 1634 1392 incenso.

448 1433 665 1500 Postmodum
690 1441 842 1520 repetant
857 1434 1071 1519 antiphonam
1088 1456 1127 1501 ex
1144 1434 1292 1521 apostolo
1308 1440 1415 1520 petro,
1438 1432 1514 1499 daia
1529 1432 1635 1498 sancti

444 1540 600 1625 johannis
623 1539 799 1626 baptistae.
831 1540 874 1608 Iu
897 1540 987 1608 boris
1003 1543 1069 1608 tria
1085 1541 1259 1608 luminaria
1275 1539 1393 1607 adsint
1424 1537 1483 1605 Ad
1502 1537 1634 1605 missam

450 1645 675 1714 raatutinalom
692 1647 734 1715 de
750 1655 865 1715 sancto
882 1656 987 1734 petro,
1004 1652 1102 1716 Nam
1116 1653 1184 1716 scio
1198 1672 1286 1716 aare.
1315 1645 1475 1727 collecta,
1491 1648 1636 1714 Praesta

450 1777 649 1842 praeeramus
663 1759 864 1842 otarat’potans
887 1760 977 1834 detes,
1002 1769 1039 1822 at
1061 1759 1161 1823 trrtllis
1183 1779 1241 1823 aros
1259 1758 1446 1842 permittas,
1470 1760 1571 1837 atque
1595 1772 1635 1818 ex

450 1860 606 1947 Baptista
635 1860 805 1946 johannae
834 1870 868 1928 et
903 1863 989 1929 aliae
1023 1860 1340 1930 consuetudinariae.
1386 1859 1444 1927 Ad
1477 1859 1635 1944 majorem

449 1990 563 2035 omnes
586 1969 653 2034 sint
676 1969 870 2036 circorudati
894 1971 1020 2056 cappis,
1051 1971 1143 2056 puori
1166 1969 1297 2054 tunicis,
1321 1967 1416 2038 vna
1437 1963 1638 2032 candelabra

449 2096 524 2141 cum
547 2075 624 2157 illis,
647 2099 732 2161 quae
749 2078 897 2144 conuersi
914 2076 1066 2144 deserunt
1082 2085 1237 2164 coaptent
1254 2083 1450 2154 ontearum,
1473 2072 1637 2159 posterius

450 2182 525 2248 tria.
581 2182 623 2248 In
654 2181 762 2250 altura
791 2184 868 2251 bina
899 2191 1058 2252 coornent
1086 2184 1188 2271 pallia
1217 2191 1251 2250 ct
1280 2182 1412 2250 tertium
1442 2181 1487 2246 sit
1515 2177 1636 2245 album.

450 2287 604 2356 Officium
627 2296 764 2356 teneant
779 2312 848 2361 sex.
880 2290 1043 2377 Epistola,
1067 2294 1188 2358 Notum
1202 2294 1301 2378 sacia
1320 2290 1413 2356 vobis
1427 2289 1637 2372 evarrgelium

450 2396 605 2463 ‚intermunt
638 2396 898 2484 Responsorium
928 2406 1088 2485 quattuor
1110 2404 1253 2464 cantent.
1291 2398 1442 2484 Alleluja
1472 2415 1539 2463 sex.
1579 2391 1637 2459 Ad

388 2505 390 2510 ’
450 2501 668 2587 expletionem
703 2505 823 2571 missae
853 2507 964 2572 omnia
996 2506 1089 2592 signa
1119 2504 1312 2573 sonatizent.
1358 2501 1399 2569 Ia
1427 2501 1518 2568 horis
1552 2499 1637 2566 anti·

450 2609 592 2696 phonae,
623 2632 708 2697 quae
736 2612 802 2677 sint
825 2611 866 2679 de
889 2611 1044 2680 laudibus
1076 2612 1145 2679 sine
1168 2610 1316 2679 versibus
1346 2607 1540 2696 sequacibus
1564 2628 1638 2694 pro·

452 2725 595 2788 tuantur.
647 2717 703 2785 Ad
727 2718 912 2806 Vesperam
942 2719 1142 2807 antiphonae
1171 2719 1252 2803 hae,
1283 2738 1369 2804 quae
1398 2715 1533 2782 habitae
1563 2721 1638 2780 sunt

451 2846 550 2910 super
567 2831 756 2906 nocturnos,
778 2824 932 2892 dicantur
946 2826 1072 2912 absque
1088 2824 1244 2906 rensibus,
1262 2826 1331 2906 Qus·
1342 2836 1497 2911 operatus
1513 2835 1569 2905 cst,
1590 2820 1638 2887 in·

305 2973 311 2984 ·
354 2954 366 2977 ν
452 2931 576 3016 prinda
599 2938 634 2998 ct
656 2930 753 2999 aliae.
784 2932 882 2999 Cerei
898 2933 1042 3017 quinque
1061 2932 1171 2999 adsint
1193 2932 1218 3019 ][
1242 2938 1320 2999 ante
1335 2952 1439 3013 aram,
1454 2937 1544 2997 retro
1558 2934 1638 2994 tres.

454 3036 595 3117 tmpus,
627 3042 752 3106 Doctor
780 3045 952 3123 egregiae.
998 3038 1214 3106 Postmodum
1242 3043 1396 3124 repetant
1424 3035 1638 3123 antiphonam

452 3142 541 3210 beati
570 3144 727 3230 iohannis
762 3154 796 3212 et
829 3145 906 3212 dein
941 3145 1163 3232 apostolorum
1197 3145 1365 3232 principis.
1417 3143 1460 3210 In
1494 3142 1640 3210 crastino

323 3324 325 3327 v
452 3272 529 3317 rero
553 3250 720 3318 celebrent
742 3260 860 3319 octava
892 3253 998 3319 suncti
1027 3252 1181 3338 johannis
1210 3252 1296 3320 sicut
1320 3251 1390 3337 jam
1413 3250 1563 3337 superins
1592 3240 1659 3315 in?

452 3364 542 3423 serta
571 3356 741 3425 habemus.
796 3357 911 3426 Pridie
948 3380 1054 3425 nonas
1082 3357 1166 3425 Julii
1202 3357 1345 3426 officium
1381 3355 1549 3444 plennm¹)
1581 3354 1640 3423 tiat

453 3471 577 3549 septem
602 3464 718 3532 diebus
740 3487 801 3552 pro
824 3467 953 3534 cunctis
976 3466 1193 3534 familiaribus
1216 3465 1347 3550 nostris,
1371 3465 1467 3532 sicuti
1482 3463 1554 3531 fieri
1570 3484 1641 3530 mos

453 3576 505 3636 est
526 3593 587 3657 pro
612 3570 770 3639 iratribus
793 3572 957 3641 defunctis
979 3571 1186 3643 Novembris.

543 3676 774 3747 LXXXVII.
804 3681 899 3747 inira
915 3688 1050 3748 octavas
1072 3681 1188 3747 horum
1211 3679 1434 3767 apostolorum
1457 3679 1506 3746 ita
1529 3685 1649 3762 agaat'

453 3781 607 3869 dourad)
615 3785 639 3869 ¹)
662 3807 725 3852 non
750 3786 897 3856 flectant.
929 3787 1171 3871 invitatorium,
1199 3790 1324 3873 Regem
1339 3790 1561 3874 apostolorum
1584 3788 1640 3853 do·

454 3896 578 3959 mitmm
603 3892 803 3978 persolvant.
851 3894 998 3974 Ymnu8‚
1028 3897 1166 3962 Exultat
1194 3897 1308 3962 celum.
1356 3891 1466 3979 Supra
1495 3889 1642 3978 psalmos

454 4007 625 4065 rassnmant
640 4000 840 4086 antiphonas
856 4000 1070 4089 plurimorum
1085 4000 1318 4088 apostoloram,
1334 4018 1420 4086 quae
1435 3999 1642 4081 conveniant,

455 4112 514 4170 aut
536 4125 576 4170 ex
595 4104 731 4173 historia
749 4108 906 4193 principis
923 4106 1155 4193 apostolorum,
1178 4129 1265 4195 qnae
1280 4106 1367 4174 inter
1381 4126 1417 4172 se
1433 4102 1641 4172 concordent

455 4209 632 4278 Lectiones
667 4212 709 4279 de
741 4221 933 4281 sanctorum
963 4221 1095 4301 patmm
1125 4213 1338 4283 sermonibus.
1384 4210 1642 4297 Responsorinrn

455 4316 615 4402 apostolis
630 4318 787 4406 principis
802 4321 955 4407 primum,
971 4320 1149 4388 secundum
1166 4321 1271 4388 sancti
1285 4318 1387 4408 pauli,
1404 4318 1536 4385 tertium
1548 4320 1646 4387 Petri

455 4424 545 4492 beati
549 4454 560 4505 ,-
591 4424 753 4511 psalmum
777 4426 902 4494 nullum
924 4434 1001 4514 post
1028 4437 1205 4496 nocturnas
1227 4432 1411 4507 assumant,
1441 4423 1501 4492 sed
1530 4425 1642 4493 statim

455 4577 672 4592 Ἣ

546 4655 705 4724 „Bm
