<?xml version="1.0" encoding="UTF-8"?>
<!DOCTYPE html PUBLIC "-//W3C//DTD XHTML 1.0 Transitional//EN"
    "http://www.w3.org/TR/xhtml1/DTD/xhtml1-transitional.dtd">
<html xmlns="http://www.w3.org/1999/xhtml" xml:lang="en" lang="en">
 <head>
  <title>
</title>
<meta http-equiv="Content-Type" content="text/html;charset=utf-8" />
  <meta name='ocr-system' content='tesseract 3.04.00' />
  <meta name='ocr-capabilities' content='ocr_page ocr_carea ocr_par ocr_line ocrx_word'/>
</head>
<body>
  <div class='ocr_page' id='page_1' title='image "./consuetudinesmo00albegoog_0036.png"; bbox 0 0 3792 5375; ppageno 0'>
   <div class='ocr_carea' id='block_1_1' title="bbox 828 476 1020 566">
    <p class='ocr_par' dir='ltr' id='par_1_1' title="bbox 828 476 1020 566">
     <span class='ocr_line' id='line_1_1' title="bbox 828 476 1020 566; baseline -0.005 -14"><span class='ocrx_word' id='word_1_1' title='bbox 828 476 1020 566; x_wconf 40' lang='lat' dir='ltr'>qv-.</span> 
     </span>
    </p>
   </div>
   <div class='ocr_carea' id='block_1_2' title="bbox 284 689 1528 4527">
    <p class='ocr_par' dir='ltr' id='par_1_2' title="bbox 284 689 1528 4527">
     <span class='ocr_line' id='line_1_2' title="bbox 422 689 1519 775; baseline 0.003 -21"><span class='ocrx_word' id='word_1_2' title='bbox 422 690 529 754; x_wconf 78' lang='lat' dir='ltr'>Nemo</span> <span class='ocrx_word' id='word_1_3' title='bbox 553 711 630 754; x_wconf 80' lang='lat' dir='ltr'>xero</span> <span class='ocrx_word' id='word_1_4' title='bbox 656 712 719 754; x_wconf 91' lang='lat' dir='ltr'>uon</span> <span class='ocrx_word' id='word_1_5' title='bbox 745 690 833 755; x_wconf 79' lang='lat' dir='ltr'>ridet</span> <span class='ocrx_word' id='word_1_6' title='bbox 857 713 916 775; x_wconf 86' lang='lat' dir='ltr'>pro</span> <span class='ocrx_word' id='word_1_7' title='bbox 940 690 1013 774; x_wconf 76' lang='lat' dir='ltr'>ipsa</span> <span class='ocrx_word' id='word_1_8' title='bbox 1029 690 1094 754; x_wconf 80' lang='lat' dir='ltr'>rita</span> <span class='ocrx_word' id='word_1_9' title='bbox 1110 691 1291 755; x_wconf 79' lang='lat' dir='ltr'>rrumastica</span> <span class='ocrx_word' id='word_1_10' title='bbox 1307 689 1519 775; x_wconf 84' lang='lat' dir='ltr'>dijudicanda</span> 
     </span>
     <span class='ocr_line' id='line_1_3' title="bbox 333 796 1519 883; baseline 0.002 -20"><span class='ocrx_word' id='word_1_11' title='bbox 333 797 523 882; x_wconf 85' lang='lat' dir='ltr'>disciplinas</span> <span class='ocrx_word' id='word_1_12' title='bbox 547 796 629 860; x_wconf 84' lang='lat' dir='ltr'>istas</span> <span class='ocrx_word' id='word_1_13' title='bbox 654 797 786 861; x_wconf 75' lang='lat' dir='ltr'>ruraximi</span> <span class='ocrx_word' id='word_1_14' title='bbox 812 796 910 861; x_wconf 82' lang='lat' dir='ltr'>luisse</span> <span class='ocrx_word' id='word_1_15' title='bbox 936 796 1101 878; x_wconf 88' lang='lat' dir='ltr'>momenti,</span> <span class='ocrx_word' id='word_1_16' title='bbox 1131 796 1290 883; x_wconf 74' lang='lat' dir='ltr'>sirpridem</span> <span class='ocrx_word' id='word_1_17' title='bbox 1313 796 1420 865; x_wconf 87' lang='lat' dir='ltr'>bonae</span> <span class='ocrx_word' id='word_1_18' title='bbox 1443 821 1519 865; x_wconf 86' lang='lat' dir='ltr'>con·</span> 
     </span>
     <span class='ocr_line' id='line_1_4' title="bbox 306 903 1519 987; baseline 0.005 -19"><span class='ocrx_word' id='word_1_19' title='bbox 306 903 521 969; x_wconf 79' lang='lat' dir='ltr'>suetudiues</span> <span class='ocrx_word' id='word_1_20' title='bbox 548 903 616 987; x_wconf 92' lang='lat' dir='ltr'>jam</span> <span class='ocrx_word' id='word_1_21' title='bbox 641 903 762 970; x_wconf 89' lang='lat' dir='ltr'>bonam</span> <span class='ocrx_word' id='word_1_22' title='bbox 787 929 860 970; x_wconf 61' lang='lat' dir='ltr'>esse</span> <span class='ocrx_word' id='word_1_23' title='bbox 884 903 1004 969; x_wconf 84' lang='lat' dir='ltr'>debere</span> <span class='ocrx_word' id='word_1_24' title='bbox 1028 904 1260 970; x_wconf 79' lang='lat' dir='ltr'>uuorraclrorum</span> <span class='ocrx_word' id='word_1_25' title='bbox 1285 905 1383 971; x_wconf 80' lang='lat' dir='ltr'>sitam</span> <span class='ocrx_word' id='word_1_26' title='bbox 1413 912 1447 973; x_wconf 86' lang='lat' dir='ltr'>et</span> <span class='ocrx_word' id='word_1_27' title='bbox 1471 928 1519 974; x_wconf 83' lang='lat' dir='ltr'>se·</span> 
     </span>
     <span class='ocr_line' id='line_1_5' title="bbox 334 1009 1520 1096; baseline 0.004 -20"><span class='ocrx_word' id='word_1_28' title='bbox 334 1009 474 1076; x_wconf 87' lang='lat' dir='ltr'>cundum</span> <span class='ocrx_word' id='word_1_29' title='bbox 500 1010 647 1093; x_wconf 81' lang='lat' dir='ltr'>regulam</span> <span class='ocrx_word' id='word_1_30' title='bbox 673 1012 859 1077; x_wconf 86' lang='lat' dir='ltr'>institutam</span> <span class='ocrx_word' id='word_1_31' title='bbox 885 1017 999 1096; x_wconf 87' lang='lat' dir='ltr'>aperte</span> <span class='ocrx_word' id='word_1_32' title='bbox 1028 1009 1228 1080; x_wconf 87' lang='lat' dir='ltr'>iudicabant.</span> <span class='ocrx_word' id='word_1_33' title='bbox 1276 1011 1414 1080; x_wconf 81' lang='lat' dir='ltr'>Florens</span> <span class='ocrx_word' id='word_1_34' title='bbox 1444 1036 1520 1081; x_wconf 81' lang='lat' dir='ltr'>vero</span> 
     </span>
     <span class='ocr_line' id='line_1_6' title="bbox 334 1116 1520 1203; baseline 0.004 -20"><span class='ocrx_word' id='word_1_35' title='bbox 334 1116 534 1183; x_wconf 76' lang='lat' dir='ltr'>monasticae</span> <span class='ocrx_word' id='word_1_36' title='bbox 559 1117 750 1203; x_wconf 84' lang='lat' dir='ltr'>discipliuae</span> <span class='ocrx_word' id='word_1_37' title='bbox 775 1126 881 1184; x_wconf 60' lang='lat' dir='ltr'>status</span> <span class='ocrx_word' id='word_1_38' title='bbox 906 1126 1089 1203; x_wconf 70' lang='lat' dir='ltr'>corriperet</span> <span class='ocrx_word' id='word_1_39' title='bbox 1113 1119 1233 1183; x_wconf 88' lang='lat' dir='ltr'>artium</span> <span class='ocrx_word' id='word_1_40' title='bbox 1257 1126 1291 1185; x_wconf 83' lang='lat' dir='ltr'>ct</span> <span class='ocrx_word' id='word_1_41' title='bbox 1312 1120 1520 1189; x_wconf 75' lang='lat' dir='ltr'>scientiarum</span> 
     </span>
     <span class='ocr_line' id='line_1_7' title="bbox 334 1224 1520 1306; baseline 0.004 -16"><span class='ocrx_word' id='word_1_42' title='bbox 334 1225 495 1291; x_wconf 86' lang='lat' dir='ltr'>cultruam</span> <span class='ocrx_word' id='word_1_43' title='bbox 519 1224 552 1290; x_wconf 89' lang='lat' dir='ltr'>iu</span> <span class='ocrx_word' id='word_1_44' title='bbox 576 1227 784 1291; x_wconf 81' lang='lat' dir='ltr'>rrrouasteriis</span> <span class='ocrx_word' id='word_1_45' title='bbox 808 1248 918 1292; x_wconf 86' lang='lat' dir='ltr'>sccum</span> <span class='ocrx_word' id='word_1_46' title='bbox 945 1227 1029 1290; x_wconf 85' lang='lat' dir='ltr'>serre</span> <span class='ocrx_word' id='word_1_47' title='bbox 1053 1225 1144 1306; x_wconf 82' lang='lat' dir='ltr'>solet,</span> <span class='ocrx_word' id='word_1_48' title='bbox 1169 1232 1201 1291; x_wconf 88' lang='lat' dir='ltr'>et</span> <span class='ocrx_word' id='word_1_49' title='bbox 1225 1233 1357 1292; x_wconf 68' lang='lat' dir='ltr'>mentre</span> <span class='ocrx_word' id='word_1_50' title='bbox 1380 1248 1419 1293; x_wconf 86' lang='lat' dir='ltr'>ex</span> <span class='ocrx_word' id='word_1_51' title='bbox 1435 1227 1520 1295; x_wconf 79' lang='lat' dir='ltr'>litte-</span> 
     </span>
     <span class='ocr_line' id='line_1_8' title="bbox 334 1330 1520 1419; baseline 0.004 -22"><span class='ocrx_word' id='word_1_52' title='bbox 334 1354 443 1398; x_wconf 86' lang='lat' dir='ltr'>rarum</span> <span class='ocrx_word' id='word_1_53' title='bbox 468 1332 557 1398; x_wconf 91' lang='lat' dir='ltr'>cultu</span> <span class='ocrx_word' id='word_1_54' title='bbox 586 1331 675 1397; x_wconf 80' lang='lat' dir='ltr'>lrarul</span> <span class='ocrx_word' id='word_1_55' title='bbox 707 1333 777 1398; x_wconf 82' lang='lat' dir='ltr'>lese</span> <span class='ocrx_word' id='word_1_56' title='bbox 808 1332 850 1397; x_wconf 89' lang='lat' dir='ltr'>de</span> <span class='ocrx_word' id='word_1_57' title='bbox 880 1330 968 1397; x_wconf 85' lang='lat' dir='ltr'>bona</span> <span class='ocrx_word' id='word_1_58' title='bbox 999 1333 1126 1417; x_wconf 78' lang='lat' dir='ltr'>rigente</span> <span class='ocrx_word' id='word_1_59' title='bbox 1160 1330 1333 1417; x_wconf 77' lang='lat' dir='ltr'>disciplina</span> <span class='ocrx_word' id='word_1_60' title='bbox 1362 1334 1520 1419; x_wconf 87' lang='lat' dir='ltr'>judicium</span> 
     </span>
     <span class='ocr_line' id='line_1_9' title="bbox 334 1439 1520 1526; baseline 0.003 -21"><span class='ocrx_word' id='word_1_61' title='bbox 334 1439 459 1505; x_wconf 79' lang='lat' dir='ltr'>desumi</span> <span class='ocrx_word' id='word_1_62' title='bbox 483 1445 602 1524; x_wconf 73' lang='lat' dir='ltr'>potest.</span> <span class='ocrx_word' id='word_1_63' title='bbox 651 1439 727 1504; x_wconf 88' lang='lat' dir='ltr'>Hoc</span> <span class='ocrx_word' id='word_1_64' title='bbox 751 1439 874 1506; x_wconf 89' lang='lat' dir='ltr'>imlicio</span> <span class='ocrx_word' id='word_1_65' title='bbox 905 1450 975 1505; x_wconf 88' lang='lat' dir='ltr'>esto</span> <span class='ocrx_word' id='word_1_66' title='bbox 1006 1440 1197 1506; x_wconf 84' lang='lat' dir='ltr'>certissimo.</span> <span class='ocrx_word' id='word_1_67' title='bbox 1244 1440 1374 1526; x_wconf 76' lang='lat' dir='ltr'>Ecquid</span> <span class='ocrx_word' id='word_1_68' title='bbox 1405 1440 1520 1509; x_wconf 84' lang='lat' dir='ltr'>florue-</span> 
     </span>
     <span class='ocr_line' id='line_1_10' title="bbox 335 1547 1520 1634; baseline 0.003 -22"><span class='ocrx_word' id='word_1_69' title='bbox 335 1556 411 1613; x_wconf 89' lang='lat' dir='ltr'>runt</span> <span class='ocrx_word' id='word_1_70' title='bbox 435 1547 556 1626; x_wconf 75' lang='lat' dir='ltr'>staulia,</span> <span class='ocrx_word' id='word_1_71' title='bbox 581 1547 721 1626; x_wconf 83' lang='lat' dir='ltr'>litterae,</span> <span class='ocrx_word' id='word_1_72' title='bbox 746 1557 835 1612; x_wconf 82' lang='lat' dir='ltr'>artes</span> <span class='ocrx_word' id='word_1_73' title='bbox 860 1547 1012 1629; x_wconf 80' lang='lat' dir='ltr'>lingonis</span> <span class='ocrx_word' id='word_1_74' title='bbox 1035 1568 1323 1632; x_wconf 71' lang='lat' dir='ltr'>successorumque</span> <span class='ocrx_word' id='word_1_75' title='bbox 1346 1549 1417 1634; x_wconf 83' lang='lat' dir='ltr'>ejus</span> <span class='ocrx_word' id='word_1_76' title='bbox 1440 1555 1520 1616; x_wconf 89' lang='lat' dir='ltr'>tem·</span> 
     </span>
     <span class='ocr_line' id='line_1_11' title="bbox 336 1653 1523 1741; baseline 0.005 -24"><span class='ocrx_word' id='word_1_77' title='bbox 336 1653 493 1738; x_wconf 76' lang='lat' dir='ltr'>poribus?</span> <span class='ocrx_word' id='word_1_78' title='bbox 523 1653 590 1738; x_wconf 83' lang='lat' dir='ltr'>Ipsi</span> <span class='ocrx_word' id='word_1_79' title='bbox 610 1653 744 1734; x_wconf 62' lang='lat' dir='ltr'>liuponi</span> <span class='ocrx_word' id='word_1_80' title='bbox 768 1653 939 1719; x_wconf 69' lang='lat' dir='ltr'>bisbuiam</span> <span class='ocrx_word' id='word_1_81' title='bbox 967 1653 1132 1719; x_wconf 81' lang='lat' dir='ltr'>Farscusis</span> <span class='ocrx_word' id='word_1_82' title='bbox 1152 1655 1340 1721; x_wconf 89' lang='lat' dir='ltr'>monasterii</span> <span class='ocrx_word' id='word_1_83' title='bbox 1357 1655 1523 1741; x_wconf 84' lang='lat' dir='ltr'>debemus,</span> 
     </span>
     <span class='ocr_line' id='line_1_12' title="bbox 335 1760 1521 1847; baseline 0.004 -23"><span class='ocrx_word' id='word_1_84' title='bbox 335 1783 421 1846; x_wconf 75' lang='lat' dir='ltr'>quiae</span> <span class='ocrx_word' id='word_1_85' title='bbox 444 1760 658 1827; x_wconf 83' lang='lat' dir='ltr'>crmlitioucru</span> <span class='ocrx_word' id='word_1_86' title='bbox 685 1770 716 1826; x_wconf 93' lang='lat' dir='ltr'>ct</span> <span class='ocrx_word' id='word_1_87' title='bbox 742 1762 913 1826; x_wconf 81' lang='lat' dir='ltr'>scicuuium</span> <span class='ocrx_word' id='word_1_88' title='bbox 938 1763 1022 1826; x_wconf 93' lang='lat' dir='ltr'>tauti</span> <span class='ocrx_word' id='word_1_89' title='bbox 1048 1762 1104 1826; x_wconf 79' lang='lat' dir='ltr'>siri</span> <span class='ocrx_word' id='word_1_90' title='bbox 1128 1761 1221 1826; x_wconf 69' lang='lat' dir='ltr'>trabis¹</span> <span class='ocrx_word' id='word_1_91' title='bbox 1250 1763 1397 1847; x_wconf 74' lang='lat' dir='ltr'>:cprprime</span> <span class='ocrx_word' id='word_1_92' title='bbox 1419 1765 1521 1831; x_wconf 86' lang='lat' dir='ltr'>urani·</span> 
     </span>
     <span class='ocr_line' id='line_1_13' title="bbox 336 1867 1522 1956; baseline 0.006 -24"><span class='ocrx_word' id='word_1_93' title='bbox 336 1871 444 1935; x_wconf 88' lang='lat' dir='ltr'>l&#39;cstat.</span> <span class='ocrx_word' id='word_1_94' title='bbox 493 1867 669 1933; x_wconf 68' lang='lat' dir='ltr'>Irarulutur</span> <span class='ocrx_word' id='word_1_95' title='bbox 692 1867 881 1934; x_wconf 76' lang='lat' dir='ltr'>Alurericus</span> <span class='ocrx_word' id='word_1_96' title='bbox 913 1867 1034 1951; x_wconf 84' lang='lat' dir='ltr'>abbas,</span> <span class='ocrx_word' id='word_1_97' title='bbox 1066 1869 1121 1953; x_wconf 79' lang='lat' dir='ltr'>qui</span> <span class='ocrx_word' id='word_1_98' title='bbox 1146 1892 1232 1936; x_wconf 91' lang='lat' dir='ltr'>anuo</span> <span class='ocrx_word' id='word_1_99' title='bbox 1259 1875 1343 1936; x_wconf 86' lang='grc'><strong>1039</strong></span> <span class='ocrx_word' id='word_1_100' title='bbox 1368 1869 1522 1956; x_wconf 85' lang='lat' dir='ltr'>Soppoue</span> 
     </span>
     <span class='ocr_line' id='line_1_14' title="bbox 336 1974 1521 2064; baseline 0.005 -26"><span class='ocrx_word' id='word_1_101' title='bbox 336 1974 379 2039; x_wconf 89' lang='lat' dir='ltr'>ab</span> <span class='ocrx_word' id='word_1_102' title='bbox 403 1976 600 2064; x_wconf 81' lang='lat' dir='ltr'>imperatore</span> <span class='ocrx_word' id='word_1_103' title='bbox 625 1975 759 2059; x_wconf 85' lang='lat' dir='ltr'>rejecto,</span> <span class='ocrx_word' id='word_1_104' title='bbox 786 1975 918 2058; x_wconf 81' lang='lat' dir='ltr'>Hugnui</span> <span class='ocrx_word' id='word_1_105' title='bbox 944 1976 1101 2041; x_wconf 86' lang='lat' dir='ltr'>successit</span> <span class='ocrx_word' id='word_1_106' title='bbox 1134 1977 1194 2053; x_wconf 79' lang='lat' dir='ltr'>„ob</span> <span class='ocrx_word' id='word_1_107' title='bbox 1218 1999 1270 2043; x_wconf 89' lang='lat' dir='ltr'>res</span> <span class='ocrx_word' id='word_1_108' title='bbox 1293 1999 1366 2044; x_wconf 88' lang='lat' dir='ltr'>cunr</span> <span class='ocrx_word' id='word_1_109' title='bbox 1390 1978 1521 2063; x_wconf 83' lang='lat' dir='ltr'>spiritu·</span> 
     </span>
     <span class='ocr_line' id='line_1_15' title="bbox 336 2081 1521 2167; baseline 0.005 -20"><span class='ocrx_word' id='word_1_110' title='bbox 336 2081 420 2166; x_wconf 87' lang='lat' dir='ltr'>ales,</span> <span class='ocrx_word' id='word_1_111' title='bbox 444 2089 511 2146; x_wconf 85' lang='lat' dir='ltr'>tum</span> <span class='ocrx_word' id='word_1_112' title='bbox 537 2082 736 2167; x_wconf 86' lang='lat' dir='ltr'>temporales</span> <span class='ocrx_word' id='word_1_113' title='bbox 761 2092 850 2148; x_wconf 87' lang='lat' dir='ltr'>recte</span> <span class='ocrx_word' id='word_1_114' title='bbox 881 2081 1145 2166; x_wconf 77' lang='lat' dir='ltr'>administratas,</span> <span class='ocrx_word' id='word_1_115' title='bbox 1175 2083 1217 2149; x_wconf 90' lang='lat' dir='ltr'>ob</span> <span class='ocrx_word' id='word_1_116' title='bbox 1247 2091 1376 2150; x_wconf 85' lang='lat' dir='ltr'>auctam</span> <span class='ocrx_word' id='word_1_117' title='bbox 1407 2084 1521 2154; x_wconf 90' lang='lat' dir='ltr'>biblio·</span> 
     </span>
     <span class='ocr_line' id='line_1_16' title="bbox 336 2189 1522 2275; baseline 0.004 -19"><span class='ocrx_word' id='word_1_118' title='bbox 336 2190 464 2256; x_wconf 89' lang='lat' dir='ltr'>tbecam</span> <span class='ocrx_word' id='word_1_119' title='bbox 501 2197 532 2254; x_wconf 85' lang='lat' dir='ltr'>ct</span> <span class='ocrx_word' id='word_1_120' title='bbox 569 2197 764 2255; x_wconf 88' lang='lat' dir='ltr'>ornamenta</span> <span class='ocrx_word' id='word_1_121' title='bbox 798 2189 975 2272; x_wconf 84' lang='lat' dir='ltr'>ecclcsiae,</span> <span class='ocrx_word' id='word_1_122' title='bbox 1012 2189 1153 2275; x_wconf 82' lang='lat' dir='ltr'>denique</span> <span class='ocrx_word' id='word_1_123' title='bbox 1186 2191 1229 2258; x_wconf 93' lang='lat' dir='ltr'>ob</span> <span class='ocrx_word' id='word_1_124' title='bbox 1264 2191 1455 2259; x_wconf 73' lang='lat' dir='ltr'>modestiam</span> <span class='ocrx_word' id='word_1_125' title='bbox 1488 2194 1522 2261; x_wconf 90' lang='lat' dir='ltr'>iu</span> 
     </span>
     <span class='ocr_line' id='line_1_17' title="bbox 335 2297 1523 2382; baseline 0.006 -21"><span class='ocrx_word' id='word_1_126' title='bbox 335 2297 480 2363; x_wconf 80' lang='lat' dir='ltr'>restilms</span> <span class='ocrx_word' id='word_1_127' title='bbox 504 2302 537 2362; x_wconf 87' lang='lat' dir='ltr'>ct</span> <span class='ocrx_word' id='word_1_128' title='bbox 560 2297 593 2362; x_wconf 89' lang='lat' dir='ltr'>iu</span> <span class='ocrx_word' id='word_1_129' title='bbox 617 2297 704 2361; x_wconf 76' lang='lat' dir='ltr'>uictu</span> <span class='ocrx_word' id='word_1_130' title='bbox 728 2297 1033 2382; x_wconf 70' lang='lat' dir='ltr'>1›211·siuroui:uu.“&#39;)</span> <span class='ocrx_word' id='word_1_131' title='bbox 1065 2299 1203 2365; x_wconf 85' lang='lat' dir='ltr'>llcrurdi</span> <span class='ocrx_word' id='word_1_132' title='bbox 1227 2299 1357 2365; x_wconf 86' lang='lat' dir='ltr'>abbatis</span> <span class='ocrx_word' id='word_1_133' title='bbox 1372 2298 1523 2368; x_wconf 85' lang='lat' dir='ltr'>electioni</span> 
     </span>
     <span class='ocr_line' id='line_1_18' title="bbox 336 2404 1522 2492; baseline 0.004 -23"><span class='ocrx_word' id='word_1_134' title='bbox 336 2426 424 2470; x_wconf 84' lang='lat' dir='ltr'>nrrno</span> <span class='ocrx_word' id='word_1_135' title='bbox 445 2408 528 2469; x_wconf 69' lang='lat'>1048</span> <span class='ocrx_word' id='word_1_136' title='bbox 545 2404 655 2469; x_wconf 84' lang='lat' dir='ltr'>sactae</span> <span class='ocrx_word' id='word_1_137' title='bbox 674 2405 853 2487; x_wconf 80' lang='lat' dir='ltr'>nonaginta</span> <span class='ocrx_word' id='word_1_138' title='bbox 878 2404 1029 2471; x_wconf 82' lang='lat' dir='ltr'>ruoaachi</span> <span class='ocrx_word' id='word_1_139' title='bbox 1046 2404 1261 2475; x_wconf 85' lang='lat' dir='ltr'>subscribunt.</span> <span class='ocrx_word' id='word_1_140' title='bbox 1293 2406 1391 2491; x_wconf 81' lang='lat' dir='ltr'>Isque</span> <span class='ocrx_word' id='word_1_141' title='bbox 1406 2406 1522 2492; x_wconf 84' lang='lat' dir='ltr'>abbas,</span> 
     </span>
     <span class='ocr_line' id='line_1_19' title="bbox 336 2510 1522 2583; baseline 0.004 -6"><span class='ocrx_word' id='word_1_142' title='bbox 336 2534 408 2577; x_wconf 90' lang='lat' dir='ltr'>cum</span> <span class='ocrx_word' id='word_1_143' title='bbox 437 2511 670 2577; x_wconf 77' lang='lat' dir='ltr'>ruronasterimu</span> <span class='ocrx_word' id='word_1_144' title='bbox 705 2510 748 2577; x_wconf 88' lang='lat' dir='ltr'>ud</span> <span class='ocrx_word' id='word_1_145' title='bbox 779 2511 909 2577; x_wconf 85' lang='lat' dir='ltr'>radices</span> <span class='ocrx_word' id='word_1_146' title='bbox 941 2513 1060 2579; x_wconf 84' lang='lat' dir='ltr'>ruentis</span> <span class='ocrx_word' id='word_1_147' title='bbox 1091 2513 1125 2581; x_wconf 86' lang='lat' dir='ltr'>S.</span> <span class='ocrx_word' id='word_1_148' title='bbox 1150 2514 1286 2581; x_wconf 87' lang='lat' dir='ltr'>Martini</span> <span class='ocrx_word' id='word_1_149' title='bbox 1316 2513 1396 2581; x_wconf 84' lang='lat' dir='ltr'>dicti</span> <span class='ocrx_word' id='word_1_150' title='bbox 1425 2515 1522 2583; x_wconf 86' lang='lat' dir='ltr'>situm</span> 
     </span>
     <span class='ocr_line' id='line_1_20' title="bbox 337 2618 1522 2707; baseline 0.006 -23"><span class='ocrx_word' id='word_1_151' title='bbox 337 2625 472 2705; x_wconf 87' lang='lat' dir='ltr'>propter</span> <span class='ocrx_word' id='word_1_152' title='bbox 495 2618 729 2685; x_wconf 84' lang='lat' dir='ltr'>ruouacbocum</span> <span class='ocrx_word' id='word_1_153' title='bbox 761 2618 1003 2685; x_wconf 86' lang='lat' dir='ltr'>rrudtitmliueur</span> <span class='ocrx_word' id='word_1_154' title='bbox 1035 2641 1169 2707; x_wconf 75' lang='lat' dir='ltr'>parcum</span> <span class='ocrx_word' id='word_1_155' title='bbox 1194 2619 1375 2705; x_wconf 78' lang='lat' dir='ltr'>uideretur,</span> <span class='ocrx_word' id='word_1_156' title='bbox 1404 2643 1522 2690; x_wconf 79' lang='lat' dir='ltr'>novum</span> 
     </span>
     <span class='ocr_line' id='line_1_21' title="bbox 284 2727 1528 2814; baseline 0.011 -30"><span class='ocrx_word' id='word_1_157' title='bbox 284 2773 290 2784; x_wconf 95' lang='lat'><em>.</em></span> <span class='ocrx_word' id='word_1_158' title='bbox 337 2727 465 2811; x_wconf 88' lang='lat' dir='ltr'>inipso</span> <span class='ocrx_word' id='word_1_159' title='bbox 498 2727 619 2791; x_wconf 81' lang='lat' dir='ltr'>montis</span> <span class='ocrx_word' id='word_1_160' title='bbox 651 2727 821 2791; x_wconf 85' lang='lat' dir='ltr'>cacumine</span> <span class='ocrx_word' id='word_1_161' title='bbox 852 2734 1044 2795; x_wconf 85' lang='lat' dir='ltr'>construere</span> <span class='ocrx_word' id='word_1_162' title='bbox 1075 2750 1247 2814; x_wconf 77' lang='lat' dir='ltr'>aggressus</span> <span class='ocrx_word' id='word_1_163' title='bbox 1277 2736 1337 2797; x_wconf 78' lang='lat' dir='ltr'>est</span> <span class='ocrx_word' id='word_1_164' title='bbox 1384 2729 1528 2798; x_wconf 72' lang='lat' dir='ltr'>Exstant</span> 
     </span>
     <span class='ocr_line' id='line_1_22' title="bbox 338 2832 1527 2920; baseline 0.007 -23"><span class='ocrx_word' id='word_1_165' title='bbox 338 2834 373 2897; x_wconf 90' lang='lat' dir='ltr'>iu</span> <span class='ocrx_word' id='word_1_166' title='bbox 396 2833 468 2918; x_wconf 75' lang='lat' dir='ltr'>ipso</span> <span class='ocrx_word' id='word_1_167' title='bbox 491 2832 660 2900; x_wconf 84' lang='lat' dir='ltr'>cacumine</span> <span class='ocrx_word' id='word_1_168' title='bbox 685 2832 806 2899; x_wconf 87' lang='lat' dir='ltr'>rudera</span> <span class='ocrx_word' id='word_1_169' title='bbox 830 2833 987 2900; x_wconf 80' lang='lat' dir='ltr'>basilicae</span> <span class='ocrx_word' id='word_1_170' title='bbox 1018 2857 1216 2920; x_wconf 81' lang='lat' dir='ltr'>permagnae</span> <span class='ocrx_word' id='word_1_171' title='bbox 1246 2843 1281 2904; x_wconf 85' lang='lat' dir='ltr'>et</span> <span class='ocrx_word' id='word_1_172' title='bbox 1312 2838 1385 2904; x_wconf 78' lang='lat' dir='ltr'>nori</span> <span class='ocrx_word' id='word_1_173' title='bbox 1415 2859 1527 2905; x_wconf 76' lang='lat' dir='ltr'>uuona-</span> 
     </span>
     <span class='ocr_line' id='line_1_23' title="bbox 339 2940 1527 3029; baseline 0.008 -25"><span class='ocrx_word' id='word_1_174' title='bbox 339 2940 439 3021; x_wconf 89' lang='lat' dir='ltr'>sterii,</span> <span class='ocrx_word' id='word_1_175' title='bbox 458 2940 705 3024; x_wconf 88' lang='lat' dir='ltr'>conspiciuntur</span> <span class='ocrx_word' id='word_1_176' title='bbox 721 2940 830 3006; x_wconf 83' lang='lat' dir='ltr'>adlurc</span> <span class='ocrx_word' id='word_1_177' title='bbox 846 2942 978 3026; x_wconf 85' lang='lat' dir='ltr'>aliquae</span> <span class='ocrx_word' id='word_1_178' title='bbox 994 2944 1143 3027; x_wconf 80' lang='lat' dir='ltr'>picturae</span> <span class='ocrx_word' id='word_1_179' title='bbox 1156 2944 1188 3008; x_wconf 92' lang='lat' dir='ltr'>iu</span> <span class='ocrx_word' id='word_1_180' title='bbox 1201 2942 1379 3029; x_wconf 80' lang='lat' dir='ltr'>parietibus</span> <span class='ocrx_word' id='word_1_181' title='bbox 1392 2944 1527 3013; x_wconf 79' lang='lat' dir='ltr'>claustri</span> 
     </span>
     <span class='ocr_line' id='line_1_24' title="bbox 338 3043 1527 3137; baseline 0.005 -24"><span class='ocrx_word' id='word_1_182' title='bbox 338 3047 500 3132; x_wconf 87' lang='lat' dir='ltr'>depictae,</span> <span class='ocrx_word' id='word_1_183' title='bbox 521 3045 555 3112; x_wconf 92' lang='lat' dir='ltr'>id</span> <span class='ocrx_word' id='word_1_184' title='bbox 577 3069 658 3112; x_wconf 89' lang='lat' dir='ltr'>sane</span> <span class='ocrx_word' id='word_1_185' title='bbox 682 3046 919 3133; x_wconf 83' lang='lat' dir='ltr'>deplouuulmn</span> <span class='ocrx_word' id='word_1_186' title='bbox 937 3050 1086 3134; x_wconf 82' lang='lat' dir='ltr'>picturas</span> <span class='ocrx_word' id='word_1_187' title='bbox 1101 3043 1275 3117; x_wconf 81' lang='lat' dir='ltr'>deruolitas</span> <span class='ocrx_word' id='word_1_188' title='bbox 1290 3073 1395 3137; x_wconf 87' lang='lat' dir='ltr'>neque</span> <span class='ocrx_word' id='word_1_189' title='bbox 1410 3073 1527 3119; x_wconf 81' lang='lat' dir='ltr'>noram</span> 
     </span>
     <span class='ocr_line' id='line_1_25' title="bbox 337 3154 1527 3245; baseline 0.006 -25"><span class='ocrx_word' id='word_1_190' title='bbox 337 3154 495 3220; x_wconf 83' lang='lat' dir='ltr'>faluicmn</span> <span class='ocrx_word' id='word_1_191' title='bbox 519 3176 663 3238; x_wconf 82' lang='lat' dir='ltr'>rruquam</span> <span class='ocrx_word' id='word_1_192' title='bbox 693 3154 888 3241; x_wconf 79' lang='lat' dir='ltr'>perfectum.</span> <span class='ocrx_word' id='word_1_193' title='bbox 935 3155 1055 3223; x_wconf 82' lang='lat' dir='ltr'>Nonne</span> <span class='ocrx_word' id='word_1_194' title='bbox 1085 3156 1195 3224; x_wconf 83' lang='lat' dir='ltr'>llorrrit</span> <span class='ocrx_word' id='word_1_195' title='bbox 1226 3158 1297 3225; x_wconf 87' lang='lat' dir='ltr'>istis</span> <span class='ocrx_word' id='word_1_196' title='bbox 1326 3158 1527 3245; x_wconf 78' lang='lat' dir='ltr'>ternporibua</span> 
     </span>
     <span class='ocr_line' id='line_1_26' title="bbox 336 3260 1527 3354; baseline 0.008 -29"><span class='ocrx_word' id='word_1_197' title='bbox 336 3262 369 3326; x_wconf 91' lang='lat' dir='ltr'>iu</span> <span class='ocrx_word' id='word_1_198' title='bbox 390 3260 537 3327; x_wconf 77' lang='lat' dir='ltr'>Farseusi</span> <span class='ocrx_word' id='word_1_199' title='bbox 555 3262 691 3327; x_wconf 85' lang='lat' dir='ltr'>abbatia</span> <span class='ocrx_word' id='word_1_200' title='bbox 709 3263 891 3346; x_wconf 78' lang='lat' dir='ltr'>Gregorius</span> <span class='ocrx_word' id='word_1_201' title='bbox 908 3261 1097 3330; x_wconf 69' lang='lat' dir='ltr'>Catinensis</span> <span class='ocrx_word' id='word_1_202' title='bbox 1113 3265 1301 3348; x_wconf 81' lang='lat' dir='ltr'>rrronaclms,</span> <span class='ocrx_word' id='word_1_203' title='bbox 1318 3266 1409 3352; x_wconf 84' lang='lat' dir='ltr'>cujus</span> <span class='ocrx_word' id='word_1_204' title='bbox 1424 3289 1527 3354; x_wconf 73' lang='lat' dir='ltr'>opera</span> 
     </span>
     <span class='ocr_line' id='line_1_27' title="bbox 338 3367 1526 3457; baseline 0.006 -23"><span class='ocrx_word' id='word_1_205' title='bbox 338 3368 535 3434; x_wconf 79' lang='lat' dir='ltr'>indefessum</span> <span class='ocrx_word' id='word_1_206' title='bbox 573 3367 739 3453; x_wconf 85' lang='lat' dir='ltr'>laborem,</span> <span class='ocrx_word' id='word_1_207' title='bbox 781 3370 937 3437; x_wconf 82' lang='lat' dir='ltr'>imictum</span> <span class='ocrx_word' id='word_1_208' title='bbox 981 3371 1123 3438; x_wconf 88' lang='lat' dir='ltr'>studium</span> <span class='ocrx_word' id='word_1_209' title='bbox 1160 3381 1194 3439; x_wconf 88' lang='lat' dir='ltr'>et</span> <span class='ocrx_word' id='word_1_210' title='bbox 1226 3372 1426 3457; x_wconf 80' lang='lat' dir='ltr'>diligentiam</span> <span class='ocrx_word' id='word_1_211' title='bbox 1461 3397 1526 3441; x_wconf 90' lang='lat' dir='ltr'>uon</span> 
     </span>
     <span class='ocr_line' id='line_1_28' title="bbox 338 3476 1527 3567; baseline 0.007 -26"><span class='ocrx_word' id='word_1_212' title='bbox 338 3476 460 3559; x_wconf 89' lang='lat' dir='ltr'>minus,</span> <span class='ocrx_word' id='word_1_213' title='bbox 496 3497 594 3561; x_wconf 69' lang='lat' dir='ltr'>«luam</span> <span class='ocrx_word' id='word_1_214' title='bbox 631 3476 828 3560; x_wconf 79' lang='lat' dir='ltr'>singularem</span> <span class='ocrx_word' id='word_1_215' title='bbox 862 3484 967 3543; x_wconf 85' lang='lat' dir='ltr'>artem</span> <span class='ocrx_word' id='word_1_216' title='bbox 999 3477 1093 3545; x_wconf 82' lang='lat' dir='ltr'>nobis</span> <span class='ocrx_word' id='word_1_217' title='bbox 1123 3479 1312 3546; x_wconf 86' lang='lat' dir='ltr'>testantur?</span> <span class='ocrx_word' id='word_1_218' title='bbox 1369 3479 1527 3567; x_wconf 81' lang='lat' dir='ltr'>Superest</span> 
     </span>
     <span class='ocr_line' id='line_1_29' title="bbox 337 3584 1525 3673; baseline 0.004 -23"><span class='ocrx_word' id='word_1_219' title='bbox 337 3585 434 3651; x_wconf 90' lang='lat' dir='ltr'>etiam</span> <span class='ocrx_word' id='word_1_220' title='bbox 460 3584 493 3648; x_wconf 94' lang='lat' dir='ltr'>iu</span> <span class='ocrx_word' id='word_1_221' title='bbox 518 3584 719 3648; x_wconf 83' lang='lat' dir='ltr'>urouasterio</span> <span class='ocrx_word' id='word_1_222' title='bbox 743 3586 884 3669; x_wconf 84' lang='lat' dir='ltr'>pictura,</span> <span class='ocrx_word' id='word_1_223' title='bbox 909 3607 994 3669; x_wconf 78' lang='lat' dir='ltr'>«prae</span> <span class='ocrx_word' id='word_1_224' title='bbox 1019 3609 1230 3672; x_wconf 83' lang='lat' dir='ltr'>permagnam</span> <span class='ocrx_word' id='word_1_225' title='bbox 1247 3586 1369 3654; x_wconf 84' lang='lat' dir='ltr'>Cbristi</span> <span class='ocrx_word' id='word_1_226' title='bbox 1390 3587 1525 3673; x_wconf 79' lang='lat' dir='ltr'>figuram</span> 
     </span>
     <span class='ocr_line' id='line_1_30' title="bbox 338 3688 1527 3781; baseline 0.005 -25"><span class='ocrx_word' id='word_1_227' title='bbox 338 3689 482 3756; x_wconf 81' lang='lat' dir='ltr'>crucifixi</span> <span class='ocrx_word' id='word_1_228' title='bbox 506 3688 648 3770; x_wconf 85' lang='lat' dir='ltr'>exbibet,</span> <span class='ocrx_word' id='word_1_229' title='bbox 672 3689 737 3756; x_wconf 90' lang='lat' dir='ltr'>udo</span> <span class='ocrx_word' id='word_1_230' title='bbox 761 3691 845 3757; x_wconf 88' lang='lat' dir='ltr'>illita</span> <span class='ocrx_word' id='word_1_231' title='bbox 869 3701 902 3757; x_wconf 85' lang='lat' dir='ltr'>et</span> <span class='ocrx_word' id='word_1_232' title='bbox 928 3692 985 3758; x_wconf 92' lang='lat' dir='ltr'>illa</span> <span class='ocrx_word' id='word_1_233' title='bbox 1009 3700 1119 3760; x_wconf 72' lang='lat' dir='ltr'>:aetate</span> <span class='ocrx_word' id='word_1_234' title='bbox 1141 3694 1300 3778; x_wconf 86' lang='lat' dir='ltr'>conlecta,</span> <span class='ocrx_word' id='word_1_235' title='bbox 1323 3717 1408 3781; x_wconf 86' lang='lat' dir='ltr'>quae</span> <span class='ocrx_word' id='word_1_236' title='bbox 1423 3696 1527 3781; x_wconf 86' lang='lat' dir='ltr'>speei-</span> 
     </span>
     <span class='ocr_line' id='line_1_31' title="bbox 337 3797 1526 3883; baseline 0.006 -21"><span class='ocrx_word' id='word_1_237' title='bbox 337 3797 415 3862; x_wconf 91' lang='lat' dir='ltr'>miui</span> <span class='ocrx_word' id='word_1_238' title='bbox 439 3818 509 3862; x_wconf 88' lang='lat' dir='ltr'>esse</span> <span class='ocrx_word' id='word_1_239' title='bbox 533 3802 652 3880; x_wconf 89' lang='lat' dir='ltr'>potest,</span> <span class='ocrx_word' id='word_1_240' title='bbox 677 3806 881 3883; x_wconf 67' lang='lat' dir='ltr'>quantopere</span> <span class='ocrx_word' id='word_1_241' title='bbox 905 3807 1010 3865; x_wconf 71' lang='lat' dir='ltr'>sertem</span> <span class='ocrx_word' id='word_1_242' title='bbox 1036 3801 1131 3866; x_wconf 87' lang='lat' dir='ltr'>istam</span> <span class='ocrx_word' id='word_1_243' title='bbox 1149 3800 1299 3867; x_wconf 82' lang='lat' dir='ltr'>rrronacbi</span> <span class='ocrx_word' id='word_1_244' title='bbox 1315 3801 1526 3869; x_wconf 82' lang='lat' dir='ltr'>excoluerint.</span> 
     </span>
     <span class='ocr_line' id='line_1_32' title="bbox 338 3901 1527 3984; baseline 0.004 -14"><span class='ocrx_word' id='word_1_245' title='bbox 338 3904 460 3984; x_wconf 87' lang='lat' dir='ltr'>Porro,</span> <span class='ocrx_word' id='word_1_246' title='bbox 498 3901 651 3967; x_wconf 84' lang='lat' dir='ltr'>cilicinae</span> <span class='ocrx_word' id='word_1_247' title='bbox 686 3905 856 3970; x_wconf 69' lang='lat' dir='ltr'>:straticum</span> <span class='ocrx_word' id='word_1_248' title='bbox 893 3914 925 3971; x_wconf 92' lang='lat' dir='ltr'>ct</span> <span class='ocrx_word' id='word_1_249' title='bbox 962 3907 1066 3974; x_wconf 88' lang='lat' dir='ltr'>cellae</span> <span class='ocrx_word' id='word_1_250' title='bbox 1102 3908 1299 3975; x_wconf 89' lang='lat' dir='ltr'>inclusorum</span> <span class='ocrx_word' id='word_1_251' title='bbox 1338 3931 1396 3976; x_wconf 81' lang='lat' dir='ltr'>scu</span> <span class='ocrx_word' id='word_1_252' title='bbox 1433 3909 1527 3976; x_wconf 82' lang='lat' dir='ltr'>vitrei</span> 
     </span>
     <span class='ocr_line' id='line_1_33' title="bbox 338 4008 1526 4099; baseline 0.007 -24"><span class='ocrx_word' id='word_1_253' title='bbox 338 4009 585 4094; x_wconf 77' lang='lat' dir='ltr'>uuragistrorum,</span> <span class='ocrx_word' id='word_1_254' title='bbox 621 4008 694 4085; x_wconf 86' lang='lat' dir='ltr'>„ubi</span> <span class='ocrx_word' id='word_1_255' title='bbox 727 4011 789 4096; x_wconf 92' lang='lat' dir='ltr'>ipsi</span> <span class='ocrx_word' id='word_1_256' title='bbox 820 4012 863 4077; x_wconf 88' lang='lat' dir='ltr'>ad</span> <span class='ocrx_word' id='word_1_257' title='bbox 896 4021 1002 4079; x_wconf 87' lang='lat' dir='ltr'>artem</span> <span class='ocrx_word' id='word_1_258' title='bbox 1034 4014 1217 4082; x_wconf 83' lang='lat' dir='ltr'>taciendam</span> <span class='ocrx_word' id='word_1_259' title='bbox 1241 4016 1453 4099; x_wconf 80' lang='lat' dir='ltr'>conueniunt,</span> <span class='ocrx_word' id='word_1_260' title='bbox 1483 4016 1526 4084; x_wconf 79' lang='lat' dir='ltr'>ab</span> 
     </span>
     <span class='ocr_line' id='line_1_34' title="bbox 338 4114 1528 4209; baseline 0.007 -26"><span class='ocrx_word' id='word_1_261' title='bbox 338 4117 418 4203; x_wconf 84' lang='lat' dir='ltr'>ipsis</span> <span class='ocrx_word' id='word_1_262' title='bbox 441 4114 562 4182; x_wconf 84' lang='lat' dir='ltr'>nostris</span> <span class='ocrx_word' id='word_1_263' title='bbox 586 4118 880 4185; x_wconf 87' lang='lat' dir='ltr'>consuetudinibus</span> <span class='ocrx_word' id='word_1_264' title='bbox 905 4121 938 4187; x_wconf 92' lang='lat' dir='ltr'>iu</span> <span class='ocrx_word' id='word_1_265' title='bbox 963 4121 1182 4209; x_wconf 85' lang='lat' dir='ltr'>descriptione</span> <span class='ocrx_word' id='word_1_266' title='bbox 1206 4122 1528 4192; x_wconf 83' lang='lat' dir='ltr'>sa1·seusiscoenebii</span> 
     </span>
     <span class='ocr_line' id='line_1_35' title="bbox 339 4222 1527 4298; baseline 0.006 -8"><span class='ocrx_word' id='word_1_267' title='bbox 339 4245 447 4290; x_wconf 90' lang='lat' dir='ltr'>noune</span> <span class='ocrx_word' id='word_1_268' title='bbox 476 4222 607 4288; x_wconf 86' lang='lat' dir='ltr'>disertis</span> <span class='ocrx_word' id='word_1_269' title='bbox 637 4223 745 4291; x_wconf 80' lang='lat' dir='ltr'>uerbis</span> <span class='ocrx_word' id='word_1_270' title='bbox 776 4232 1036 4294; x_wconf 76' lang='lat' dir='ltr'>emuuernutur?</span> <span class='ocrx_word' id='word_1_271' title='bbox 1082 4228 1201 4296; x_wconf 86' lang='lat' dir='ltr'>Nonne</span> <span class='ocrx_word' id='word_1_272' title='bbox 1231 4238 1265 4296; x_wconf 88' lang='lat' dir='ltr'>et</span> <span class='ocrx_word' id='word_1_273' title='bbox 1288 4230 1410 4297; x_wconf 90' lang='lat' dir='ltr'>mentio</span> <span class='ocrx_word' id='word_1_274' title='bbox 1432 4230 1472 4298; x_wconf 86' lang='lat' dir='ltr'>tit</span> <span class='ocrx_word' id='word_1_275' title='bbox 1493 4230 1527 4298; x_wconf 91' lang='lat' dir='ltr'>in</span> 
     </span>
     <span class='ocr_line' id='line_1_36' title="bbox 339 4329 1526 4423; baseline 0.008 -26"><span class='ocrx_word' id='word_1_276' title='bbox 339 4330 484 4415; x_wconf 88' lang='lat' dir='ltr'>capitulo</span> <span class='ocrx_word' id='word_1_277' title='bbox 512 4329 583 4407; x_wconf 82' lang='lat' dir='ltr'>„De</span> <span class='ocrx_word' id='word_1_278' title='bbox 607 4329 744 4397; x_wconf 77' lang='lat' dir='ltr'>diuersis</span> <span class='ocrx_word' id='word_1_279' title='bbox 768 4331 1006 4402; x_wconf 84' lang='lat' dir='ltr'>dilinitiouibus</span> <span class='ocrx_word' id='word_1_280' title='bbox 1019 4334 1044 4420; x_wconf 87' lang='lat'>²)</span> <span class='ocrx_word' id='word_1_281' title='bbox 1068 4359 1191 4417; x_wconf 81' lang='lat' dir='ltr'>eorum,</span> <span class='ocrx_word' id='word_1_282' title='bbox 1215 4337 1270 4423; x_wconf 83' lang='lat' dir='ltr'>qni</span> <span class='ocrx_word' id='word_1_283' title='bbox 1289 4336 1390 4405; x_wconf 88' lang='lat' dir='ltr'>libros</span> <span class='ocrx_word' id='word_1_284' title='bbox 1406 4337 1526 4406; x_wconf 84' lang='lat' dir='ltr'>deseri·</span> 
     </span>
     <span class='ocr_line' id='line_1_37' title="bbox 340 4437 1463 4527; baseline 0.006 -23"><span class='ocrx_word' id='word_1_285' title='bbox 340 4437 435 4517; x_wconf 89' lang='lat' dir='ltr'>bunt,</span> <span class='ocrx_word' id='word_1_286' title='bbox 460 4446 492 4504; x_wconf 88' lang='lat' dir='ltr'>et</span> <span class='ocrx_word' id='word_1_287' title='bbox 509 4437 551 4503; x_wconf 89' lang='lat' dir='ltr'>ub</span> <span class='ocrx_word' id='word_1_288' title='bbox 567 4438 632 4503; x_wconf 87' lang='lat' dir='ltr'>ista</span> <span class='ocrx_word' id='word_1_289' title='bbox 656 4459 758 4523; x_wconf 85' lang='lat' dir='ltr'>opera</span> <span class='ocrx_word' id='word_1_290' title='bbox 781 4460 803 4505; x_wconf 89' lang='lat' dir='ltr'>a</span> <span class='ocrx_word' id='word_1_291' title='bbox 828 4438 938 4508; x_wconf 74' lang='lat' dir='ltr'>(lirino</span> <span class='ocrx_word' id='word_1_292' title='bbox 963 4442 1072 4508; x_wconf 80' lang='lat' dir='ltr'>officio</span> <span class='ocrx_word' id='word_1_293' title='bbox 1095 4443 1215 4527; x_wconf 89' lang='lat' dir='ltr'>partim</span> <span class='ocrx_word' id='word_1_294' title='bbox 1239 4444 1463 4511; x_wconf 82' lang='lat' dir='ltr'>excusantur?</span> 
     </span>
    </p>
   </div>
   <div class='ocr_carea' id='block_1_3' title="bbox 340 4591 554 4603">
    <p class='ocr_par' dir='ltr' id='par_1_3' title="bbox 340 4591 554 4603">
     <span class='ocr_line' id='line_1_38' title="bbox 340 4591 554 4603; baseline -0.009 0"><span class='ocrx_word' id='word_1_295' title='bbox 340 4591 554 4603; x_wconf 63' lang='grc' dir='ltr'>-σ--ι-οαο-</span> 
     </span>
    </p>
   </div>
   <div class='ocr_carea' id='block_1_4' title="bbox 431 4669 1527 4748">
    <p class='ocr_par' dir='ltr' id='par_1_4' title="bbox 431 4669 1527 4748">
     <span class='ocr_line' id='line_1_39' title="bbox 431 4669 1527 4748; baseline 0.007 -22"><span class='ocrx_word' id='word_1_296' title='bbox 431 4671 451 4741; x_wconf 79' lang='lat'>¹)</span> <span class='ocrx_word' id='word_1_297' title='bbox 471 4669 608 4727; x_wconf 85' lang='lat' dir='ltr'>ltabillou.</span> <span class='ocrx_word' id='word_1_298' title='bbox 621 4671 721 4731; x_wconf 75' lang='lat' dir='ltr'>Aruial.</span> <span class='ocrx_word' id='word_1_299' title='bbox 734 4674 766 4727; x_wconf 84' lang='lat' dir='ltr'>tl.</span> <span class='ocrx_word' id='word_1_300' title='bbox 779 4677 805 4727; x_wconf 70' lang='lat' dir='ltr'>s.</span> <span class='ocrx_word' id='word_1_301' title='bbox 821 4674 851 4729; x_wconf 84' lang='lat' dir='ltr'>ll.</span> <span class='ocrx_word' id='word_1_302' title='bbox 865 4674 915 4745; x_wconf 82' lang='lat' dir='ltr'>lv,</span> <span class='ocrx_word' id='word_1_303' title='bbox 928 4675 990 4728; x_wconf 81' lang='grc'><strong>999.</strong></span> <span class='ocrx_word' id='word_1_304' title='bbox 1099 4673 1122 4742; x_wconf 77' lang='lat'>⁸)</span> <span class='ocrx_word' id='word_1_305' title='bbox 1142 4674 1201 4731; x_wconf 84' lang='lat' dir='ltr'>Lib.</span> <span class='ocrx_word' id='word_1_306' title='bbox 1214 4676 1250 4732; x_wconf 87' lang='lat' dir='ltr'>ll.</span> <span class='ocrx_word' id='word_1_307' title='bbox 1262 4690 1321 4746; x_wconf 88' lang='lat' dir='ltr'>cap.</span> <span class='ocrx_word' id='word_1_308' title='bbox 1335 4675 1409 4747; x_wconf 76' lang='lat' dir='ltr'>XVI,</span> <span class='ocrx_word' id='word_1_309' title='bbox 1425 4691 1453 4748; x_wconf 85' lang='lat' dir='ltr'>p.</span> <span class='ocrx_word' id='word_1_310' title='bbox 1466 4674 1527 4734; x_wconf 70' lang='lat'>150.</span> 
     </span>
    </p>
   </div>
   <div class='ocr_carea' id='block_1_5' title="bbox 0 0 1907 5375">
    <p class='ocr_par' dir='ltr' id='par_1_5' title="bbox 0 0 1907 5375">
     <span class='ocr_line' id='line_1_40' title="bbox 0 0 1907 5375; baseline 0 0"><span class='ocrx_word' id='word_1_311' title='bbox 0 0 1907 5375; x_wconf 95' lang='lat' dir='ltr'> </span> 
     </span>
    </p>
   </div>
  </div>
 </body>
</html>
