3792 5375
234 1871 256 1900 υ
267 1858 295 1898 Ρ.
307 1857 332 1899 l..
344 1859 444 1908 ΧΧΧΙΧ,

307 1931 368 1971 ΞΜ.

949 475 1172 538 ..ῃ-

472 669 632 756 Allelajo,
662 669 812 755 alleluiis.
858 666 1034 734 Lectiones
1059 666 1167 751 legant
1191 665 1232 731 de
1255 675 1385 732 actuum
1414 663 1646 751 apostolorum.

472 774 694 860 Responsoria
709 795 749 840 ex
765 785 881 840 sancto
897 775 998 860 ipsius
1018 774 1082 840 diei
1106 783 1140 839 ct
1161 774 1304 854 arissam,
1329 772 1542 858 adjungentes
1566 772 1647 838 alias

472 880 792 962 consuetudinarias,
816 880 969 966 deinceps
993 887 1094 965 agant
1116 880 1226 946 onmia
1245 901 1285 945 ex
1302 879 1423 947 domini
1439 879 1647 945 veneratione

471 988 679 1054 ascensionis.
724 986 825 1053 Feria
855 995 974 1072 quarta
1003 993 1158 1073 sequente
1186 985 1314 1052 dicatur
1343 986 1481 1053 ollicinnr
1510 984 1647 1051 domini·

471 1093 542 1160 cale
565 1116 637 1160 curn
660 1094 730 1179 ejus
754 1094 903 1172 collecta,
928 1093 1144 1180 adjungentes
1168 1093 1208 1159 de
1232 1093 1430 1160 ascensionis
1446 1093 1499 1159 die
1515 1101 1548 1159 et
1564 1092 1648 1158 alias

471 1201 784 1268 consuetudinarias.
830 1201 982 1286 Epistola
1005 1208 1039 1267 et
1062 1199 1273 1285 Evangelium
1296 1222 1315 1266 e
1338 1199 1429 1265 serio.

561 1307 697 1377 LXXI.
720 1306 859 1375 Octabis

471 1415 669 1482 ascensionis
697 1414 820 1480 ‹lorniui
850 1413 1069 1480 invitatorium
1097 1414 1162 1480 cluo
1193 1413 1310 1480 iratres
1340 1421 1475 1479 cantent
1498 1413 1530 1478 in
1553 1411 1648 1479 albis.

471 1520 683 1607 Antiplrorme
705 1542 764 1606 per
787 1520 933 1587 ordinem
958 1519 1001 1587 ad
1025 1529 1204 1588 nocturnas
1228 1543 1285 1587 seu
1307 1520 1340 1586 in
1363 1519 1479 1587 landes
1507 1521 1593 1586 sieut
1616 1520 1649 1586 iu

471 1629 544 1715 ipsa
580 1627 757 1695 festivitate
795 1628 1054 1695 decantaverunt
1092 1649 1166 1694 cum
1200 1627 1391 1713 sequacibus
1423 1627 1649 1713 responsoriis,

471 1735 518 1801 ita
541 1743 792 1821 prosequantur.
841 1734 1014 1802 Lectiones
1037 1742 1113 1802 octo
1134 1756 1174 1801 ex
1190 1756 1337 1801 sermone
1353 1734 1459 1800 sancti
1474 1733 1649 1817 augustini,

471 1843 634 1910 Salvator
656 1857 780 1922 noster,
812 1844 1021 1910 dilectissimi
1043 1843 1224 1926 fron-esre
1265 1840 1322 1906 Ad
1350 1839 1468 1908 Gloria
1498 1840 1586 1926 patri
1614 1841 1649 1907 in

471 1956 649 2015 nocturnas
672 1948 827 2015 dicantur
852 1947 1002 2015 breviata
1026 1950 1234 2034 responsoria
1256 1969 1278 2014 a
1300 1947 1459 2034 pusiolis,
1491 1949 1652 2015 Ascendit

471 2059 552 2122 deas
573 2058 608 2122 ia
620 2059 832 2145 jubilatione,
879 2057 1069 2123 Ascendem
1100 2058 1244 2123 christus
1272 2059 1308 2122 in
1335 2059 1453 2122 altuni.
1499 2058 1651 2123 Ascendo

471 2164 522 2228 ad
534 2175 677 2248 patrem.
725 2162 877 2229 Hornelia
910 2183 949 2228 ex
979 2161 1164 2247 euangelio,
1201 2166 1274 2246 Eoo
1301 2166 1430 2230 aritiam
1445 2166 1650 2248 pronrissuor

246 2289 273 2326 e:
291 2286 352 2329 nr„
368 2288 437 2329 aru.
466 2271 580 2356 patris
609 2273 676 2336 arci
702 2273 739 2336 in
768 2294 842 2350 vos,
883 2269 1043 2354 expositio
1077 2269 1273 2335 venerabilis
1304 2267 1388 2335 bede
1418 2266 1651 2355 presbyterali·

269 2360 312 2399 ⁶³2
325 2364 347 2400 el
361 2360 409 2400 8³1.

473 2376 607 2442 llissarn
635 2375 719 2443 sicut
746 2376 780 2442 in
804 2377 874 2462 ejns
896 2376 991 2444 issto.
1038 2374 1207 2463 vesperae
1230 2374 1292 2442 sub
1315 2379 1466 2465 Allelajo
1489 2384 1651 2442 canantur
1702 2407 1706 2413 ·

472 2505 544 2550 curn
572 2482 623 2549 lris
645 2483 797 2568 psalmiS,
832 2486 933 2551 Dixit
954 2486 1114 2552 dorrrinas.
1161 2483 1350 2570 Coufitcbor.
1390 2485 1524 2551 Beatus.
1564 2484 1651 2550 Lau·

472 2595 548 2658 dote
564 2593 674 2677 paeri.
720 2590 858 2657 Duobus
882 2590 1007 2675 diebus,
1031 2591 1087 2676 qui
1110 2597 1253 2675 restant,
1282 2599 1356 2676 post
1380 2597 1498 2657 octaua
1520 2588 1651 2658 Vitatu-

472 2699 566 2779 rium,
592 2701 780 2766 Ascordens
803 2702 838 2765 iu
860 2703 965 2767 alnon
989 2709 1021 2766 et
1046 2707 1156 2765 cetera
1179 2697 1245 2765 alia
1268 2700 1385 2780 omnia,
1405 2719 1445 2765 es
1468 2697 1542 2783 ipsa
1562 2696 1653 2765 iesti-

474 2806 573 2872 ritate
595 2814 799 2892 promantur,
823 2813 856 2873 et
879 2807 908 2873 si
930 2805 1049 2893 aliquis
1072 2815 1205 2872 sanctus
1228 2806 1464 2885 adventaverit,
1487 2803 1564 2871 inde
1584 2813 1652 2872 tres

466 2911 631 2992 ,lectiones
668 2914 829 2989 alliciant,
869 2921 900 2978 et
940 2920 1039 2998 agant
1074 2913 1186 2980 onrrria
1219 2914 1302 2979 sicut
1335 2933 1434 2997 snpra
1469 2911 1652 2977 taxavimus

475 3018 562 3085 inira
586 3012 761 3086 octavas‘.

682 3144 778 3211 Hace
801 3151 931 3230 oportet
956 3145 1008 3229 agi
1032 3142 1192 3211 adrentus
1215 3144 1347 3230 spiritns
1370 3143 1458 3211 almi.

563 3276 720 3345 LXXII.
753 3277 877 3363 l'igilia
902 3278 1116 3345 Pentecostes
1140 3285 1217 3344 ante
1239 3277 1375 3364 primam
1400 3275 1565 3345 edomant
1587 3299 1655 3345 mo·

476 3385 652 3451 naslerium
676 3392 709 3451 et
731 3385 900 3452 basilicam
929 3391 1043 3452 sancte
1071 3385 1183 3465 marie,
1214 3385 1407 3470 capitulum,
1444 3383 1653 3452 relectorium

475 3491 657 3575 peremnia
674 3492 769 3558 sicuti
786 3490 925 3559 sabbato
948 3501 1073 3571 sancto,
1098 3491 1249 3559 videlicet
1271 3514 1344 3558 crura
1368 3492 1536 3580 cornuis¹)
1558 3491 1655 3559 lineis

330 3643 336 3657 .
365 3618 390 3659 a
476 3604 510 3664 et
530 3596 634 3664 laneis
658 3606 692 3666 et
716 3598 803 3686 palH
815 3598 876 3665 leis
898 3619 959 3686 per
982 3599 1125 3685 parietes
1149 3598 1302 3685 undique.
1332 3598 1654 3684 Formulastapetia,

476 3701 619 3773 Clrormu
642 3705 845 3773 cire-urrrdcnt
868 3728 1011 3790 sngrnne.
1058 3704 1182 3773 Arcum
1213 3705 1424 3792 principalem
1454 3705 1582 3789 magnis
1605 3726 1656 3771 or·

477 3812 637 3877 nameniis
671 3812 895 3879 instrumentis
919 3814 1006 3900 aptis
1036 3834 1096 3899 pro
1126 3835 1164 3880 ea
1196 3837 1232 3881 re
1262 3813 1402 3899 expositi
1429 3820 1554 3898 ponunt
1578 3810 1655 3897 egli·

475 3917 654 4004 plrynatnm
678 3942 717 3985 ex
740 3920 876 4003 picturis
899 3921 1006 3988 variis.
1046 3919 1202 4006 Inprimis
1224 3918 1340 3987 altaria
1365 3918 1486 3987 delrcnt
1501 3918 1657 3986 adornari

476 4030 510 4090 et
537 4025 774 4110 euangeliorum
806 4025 949 4091 textibus
977 4048 1057 4092 :uiuo
1079 4027 1279 4113 genuinisque
1302 4027 1425 4113 opertis
1455 4033 1556 4114 atque
1583 4026 1657 4093 aliis

477 4139 612 4215 argento
635 4131 760 4197 inclusis
783 4133 817 4198 in
850 4133 957 4218 majus
987 4131 1112 4200 scilicet
1141 4133 1256 4214 altare,
1280 4154 1404 4199 necnon
1429 4138 1463 4200 et
1485 4133 1658 4201 cmc-itixos

476 4236 526 4302 sel
551 4258 672 4328 cruces.
696 4262 780 4323 quas
803 4239 835 4305 in
860 4239 1018 4324 lignorum
1043 4241 1201 4307 materiae
1222 4247 1298 4327 post
1326 4241 1431 4326 ipsam
1455 4262 1547 4306 arram
1570 4239 1657 4308 ordi·
1762 4261 1767 4271 ·

477 4350 556 4410 rrerrt
571 4351 604 4411 ct
620 4367 833 4431 nuno-ruique
856 4346 901 4412 ibi
925 4353 1002 4412 sunt
1025 4344 1192 4413 recondite
1217 4345 1413 4430 filacteriae3
1436 4353 1514 4412 tunc
1536 4344 1657 4413 debent

478 4450 595 4517 nesure
625 4474 660 4516 se
689 4452 858 4518 secretarii
892 4452 977 4519 alliis
1011 4475 1084 4517 cum
1119 4448 1282 4538 accipiant
1307 4453 1396 4538 ipsas
1425 4452 1502 4519 inde
1524 4460 1557 4519 et
1580 4462 1658 4520 ruste

480 4579 485 4586 -
502 4578 692 4588 nm..-

568 4637 589 4707 ¹)
608 4637 712 4693 Forsan
730 4637 892 4708 legendnm:
910 4637 1035 4694 caninis.
