3792 5375
803 530 1047 592 -155-

335 726 408 803 post
432 741 551 785 nonum
577 720 608 784 in
632 727 770 801 aestate,
794 718 975 806 eademque
999 721 1098 788 lar-int
1123 720 1185 786 illis
1209 720 1421 806 temporibus,
1449 723 1520 808 qui·

335 826 394 889 bns
419 826 553 892 mixtum
577 828 737 912 arripitur
759 837 831 912 post
856 830 999 911 tertiam,
1031 828 1059 894 si
1090 827 1270 914 loquuntur
1299 829 1332 893 in
1362 828 1519 896 elsustm.

336 931 518 998 Novissime
542 942 660 1000 exeant
685 933 728 1000 ad
752 934 931 1020 capitulum
955 935 1050 1022 primi
1073 942 1107 1001 et
1130 942 1205 1018 post
1228 956 1349 1002 nonam
1373 934 1423 1002 sel
1453 934 1520 1003 ool·

335 1038 500 1106 lationem.

425 1147 465 1213 In
501 1147 670 1214 duodecim
703 1147 913 1231 lotionibus,
944 1149 1062 1235 quibus
1085 1149 1226 1236 populus
1250 1171 1315 1215 non
1340 1149 1520 1231 eelebrent,
1564 1235 1570 1248 ι

336 1261 469 1338 possunt
501 1254 619 1321 iratres
644 1253 865 1344 sesti][menta
895 1264 995 1341 atque
1025 1257 1244 1324 calciamenta
1272 1255 1465 1341 desereretl)
1487 1257 1521 1322 iu

336 1361 513 1427 eburstmni
544 1361 587 1427 ad
617 1362 854 1428 meliorandum
885 1365 916 1428 in
948 1363 1141 1443 sabbatum,
1173 1363 1231 1429 sed
1261 1364 1336 1450 ipsa
1359 1363 1413 1430 die
1443 1372 1522 1431 ente

335 1489 504 1553 vesperum
529 1468 713 1539 sustollant.
745 1469 930 1536 Cotidianis
946 1493 1021 1537 vero
1044 1469 1160 1536 diebus
1183 1470 1364 1557 eademque
1387 1470 1522 1539 sariunt

336 1573 375 1639 ln
401 1576 480 1659 ipsis
505 1575 735 1643 festivitatibus
766 1575 965 1662 supradietis
994 1578 1169 1662 scriptores
1199 1584 1338 1662 possunt
1368 1576 1523 1659 sember-e,

336 1682 462 1749 etiamsi
488 1684 519 1747 in
543 1684 657 1767 rappis
685 1683 783 1749 luerit
813 1683 990 1750 celebrata.
1037 1684 1078 1751 In
1108 1684 1259 1751 maximis
1286 1685 1408 1771 quippe
1431 1683 1522 1752 festi·

337 1788 492 1854 vitatibus
515 1797 549 1855 et
572 1790 744 1856 dominicis
767 1790 901 1875 diebus,
931 1813 992 1856 nee
1015 1792 1095 1877 ipsis
1125 1798 1175 1857 est
1204 1790 1432 1875 scribendum,
1462 1813 1523 1858 neo

337 1894 455 1961 lintres
478 1905 604 1981 ponant
628 1897 833 1965 vestimenta.
1384 1890 1387 1894 Δ

425 2002 506 2068 Post
531 2004 776 2089 completorium
801 2004 910 2071 nullus
932 2004 1023 2089 legat
1046 2006 1079 2071 in
1104 2012 1209 2071 struto
1233 2028 1304 2089 suo,
1327 2027 1389 2072 nec
1411 2005 1524 2091 egredi

336 2108 376 2174 de
401 2108 591 2175 donnitorio
614 2112 647 2176 in
672 2111 850 2177 claustrum
882 2120 1083 2196 praesumat.
1130 2110 1292 2178 Similiter
1320 2110 1524 2198 temporibus

337 2216 523 2282 meridianis
552 2226 728 2303 antequam
757 2219 850 2284 seille
878 2231 988 2286 sonet:
1019 2241 1095 2285 num
1126 2220 1214 2285 inter
1242 2219 1317 2305 ipse
1339 2217 1524 2286 meridiana

337 2324 377 2389 ile
401 2325 593 2406 senioribus,
623 2326 678 2411 qni
703 2326 843 2392 soluerit
865 2326 989 2411 legere,
1019 2327 1118 2412 legat.
1162 2326 1323 2394 Juniures
1345 2324 1468 2393 tauro
1490 2333 1525 2392 et

336 2431 478 2497 infantes
502 2453 709 2518 nequaquam
733 2433 795 2499 hoc
818 2442 1040 2518 praesumant.
1076 2433 1118 2500 In
1134 2434 1214 2519 ipsis
1229 2432 1444 2519 temporibus,
1467 2433 1524 2520 qni

336 2538 405 2604 uult
435 2561 470 2605 se
500 2541 668 2625 cooperire
697 2540 739 2606 de
769 2541 898 2626 pellicia
929 2563 989 2607 sua
1013 2540 1063 2607 rel
1087 2540 1129 2607 de
1152 2539 1302 2629 cucullas,
1324 2538 1441 2622 luciet3
1465 2538 1525 2606 sed
1571 2587 1575 2594 -

339 2645 447 2714 rideat
477 2667 537 2714 nee
568 2669 603 2715 se
634 2669 706 2714 cnm
735 2647 853 2715 calceis
883 2647 1033 2717 collocet.
1078 2647 1227 2716 Juvenes
1257 2654 1358 2734 stoue
1380 2646 1525 2715 inientes

336 2754 428 2819 sicuti
453 2754 494 2820 de
516 2763 622 2838 nocte,
646 2755 695 2820 ita
717 2776 759 2822 ex
782 2763 853 2822 toto
877 2778 912 2822 se
935 2756 1128 2841 coaptitent.

425 2860 572 2927 Juvenes
596 2863 715 2928 iratres
739 2884 804 2928 non
828 2872 947 2929 exeant
972 2862 1012 2930 de
1029 2861 1221 2929 dormitorio
1236 2870 1415 2949 antequem
1431 2863 1525 2948 pueri
1585 2945 1590 2953 ι

337 2976 482 3051 surgant.
530 2969 613 3035 Post
642 2969 719 3035 bine
749 2968 827 3035 dum
856 2969 998 3036 infantes
1029 2970 1179 3052 exierint,
1204 2978 1283 3037 eunt
1306 2976 1341 3037 et
1361 2969 1427 3057 ipsi
1450 2992 1524 3036 eum

336 3097 396 3141 soa
427 3076 594 3160 custodia3
635 3077 704 3143 sine
729 3077 881 3145 custodis
910 3098 988 3143 vero
1018 3099 1084 3144 non
1115 3085 1330 3164 praesumant
1360 3097 1525 3164 quoquam

337 3183 487 3265 transire,
505 3185 603 3250 etiam
620 3185 653 3250 in
670 3183 817 3265 ecelesia,
834 3183 967 3271 quando
983 3183 1096 3250 volunt
1111 3184 1262 3269 accipere
1280 3183 1524 3251 eucharistiam.

338 3289 376 3354 ln
408 3290 553 3358 clanstro
579 3291 676 3378 juxte
705 3313 799 3358 suum
830 3292 1013 3358 custodiam
1044 3290 1160 3358 sedeat
1193 3290 1430 3377 uuusquisque.
1483 3289 1524 3357 In
1574 3303 1582 3322 ¹

337 3396 528 3467 dormitorio
567 3421 643 3465 sero
673 3399 772 3484 juxto
807 3399 1013 3483 nragistrum,
1049 3397 1099 3465 vel
1121 3403 1222 3465 anm
1244 3396 1392 3465 habeant
1425 3395 1524 3465 lette.

337 3507 479 3592 Quiando
503 3506 756 3591 septimanarios
779 3505 876 3572 suerit
900 3507 970 3591 ipse
989 3505 1119 3591 juvenis
1142 3504 1255 3586 frater,
1280 3526 1355 3571 cum
1374 3525 1434 3571 mo
1456 3524 1525 3570 ma·
1599 3581 1606 3593 ,

336 3615 438 3696 gistro
462 3619 570 3696 potest
593 3613 681 3679 exire
705 3613 746 3679 de
770 3612 962 3679 dormitorio
985 3619 1061 3680 ante
1084 3612 1238 3695 infantes,
1263 3617 1390 3698 etpost
1411 3618 1526 3678 tenuas

337 3719 503 3785 orationes
533 3719 689 3786 inchoare
719 3742 811 3786 suam
842 3719 1073 3789 obedientiam.
1122 3718 1159 3787 Si
1186 3740 1264 3786 vero
1288 3740 1361 3784 enm
1385 3716 1461 3784 aliis
1483 3738 1525 3783 ex

339 3823 495 3890 lintribus
525 3824 636 3908 suerit,
667 3849 733 3892 non
764 3835 861 3893 exeat
893 3827 962 3893 ullo
991 3827 1105 3910 modo,
1136 3826 1242 3893 donee
1271 3825 1342 3910 ejus
1373 3824 1525 3892 custodia

338 3932 511 4011 excitetur,
544 3939 579 3999 et
607 3934 733 4017 pariter
762 3955 835 3999 cunr
867 3955 906 3999 eo
937 3929 1052 4019 surgat
1087 3940 1121 4000 et
1150 3930 1267 3999 abluat
1296 3953 1413 3999 munus
1445 3952 1526 3998 suas

338 4045 438 4122 atque
462 4037 596 4122 brciem3
626 4050 658 4106 et
691 4048 802 4107 ternos
825 4041 990 4108 «insitiones
1013 4047 1127 4126 agant.
1173 4037 1305 4107 Exinde
1329 4036 1469 4105 redeunt
1490 4037 1525 4104 in

338 4146 487 4230 coquina,
523 4155 556 4213 et
590 4146 737 4214 dimittat
765 4146 811 4214 ibi
844 4147 904 4214 sub
928 4148 1078 4214 custodia
1100 4167 1141 4214 ex
1163 4145 1216 4213 bis
1239 4145 1307 4228 uni,
1330 4143 1526 4229 qualiterei

338 4250 439 4317 risum
464 4252 573 4325 luerit
1272 4282 1274 4285 ⁴

428 4360 469 4426 In
500 4362 688 4448 pmecipuis
718 4360 967 4441 festivitatibus,
998 4360 1024 4426 si
1055 4357 1161 4425 abbas
1190 4357 1299 4439 deest,
1329 4357 1429 4424 missa
1458 4378 1525 4424 non

339 4467 491 4551 pertinet,
515 4477 552 4536 ut
575 4490 647 4535 enm
671 4468 758 4534 nllus
781 4476 894 4535 cantet
916 4466 979 4533 nisi
1003 4463 1268 4532 ebdomadarius.
1322 4462 1391 4531 Sed
1413 4470 1525 4531 tumen

339 4574 529 4659 praevideat
559 4575 735 4654 sinuosius,
768 4581 805 4640 ut
834 4596 900 4640 non
930 4594 990 4659 per
1019 4571 1165 4639 ordinem
1190 4572 1223 4637 in
1247 4570 1379 4637 brevem
1403 4570 1525 4652 mittut,

339 4681 397 4750 sed
420 4682 531 4761 talem,
556 4681 612 4767 qui
637 4680 760 4748 utiliter
783 4681 845 4747 soit
869 4679 931 4746 boc
955 4679 1099 4746 divinum
1122 4697 1233 4762 agere.
