3792 5375
768 472 993 536 ..pa-

291 676 384 736 sexta
408 666 498 746 seria,
522 673 623 751 agant
645 664 886 752 processionem
910 665 996 731 sicut
1017 683 1088 730 mos
1110 668 1162 730 est
1177 668 1211 731 ct
1225 661 1343 730 denes
1357 662 1472 732 dimus

291 775 422 841 missam
446 795 486 839 ex
501 773 612 860 vigilia
633 774 734 859 ipsius
759 771 835 839 dici.
871 769 1064 860 Allelujass
1078 790 1145 837 non
1160 778 1308 838 canatur.
1341 770 1384 837 In
1398 771 1471 858 ipso

292 882 344 947 die
367 902 427 946 nec
450 879 580 967 adipem
605 879 809 946 commodant
840 886 875 946 et
903 878 936 944 in
967 876 1141 944 refectorio
1162 876 1319 964 quicquid
1340 899 1471 946 ranan·

292 987 393 1054 serint
415 985 456 1052 de
481 1009 565 1073 pane
588 995 621 1053 et
643 988 717 1053 vino
733 985 990 1072 elemosynarius
1006 984 1157 1070 accipiat.
1192 984 1283 1052 Ante
1298 1007 1471 1071 vesperum

292 1101 403 1159 custos
433 1093 590 1159 ecclesiae
620 1101 713 1160 ornet
744 1092 865 1158 altaria
888 1090 1036 1175 sericis⁸)
1060 1098 1094 1157 et
1117 1091 1151 1157 in
1173 1090 1321 1158 formulis
1343 1094 1472 1180 tapetia

293 1221 392 1285 supra
414 1199 603 1270 extendant.
649 1199 789 1286 Vesperi
822 1200 936 1285 synaxi
971 1199 1113 1286 quinque
1146 1199 1233 1292 cerei
1260 1205 1344 1266 ante
1378 1215 1478 1267 arsur·

292 1314 426 1393 ponant.
472 1307 677 1394 Capitulum,
716 1307 900 1394 Cuufiubor
933 1308 997 1374 risi
1016 1307 1169 1382 >Domine
1201 1331 1273 1374 rex.
1323 1305 1471 1394 Respon-

292 1415 422 1496 sorium,
448 1416 519 1496 Ouo
537 1416 768 1501 progrederis.
804 1411 944 1494 Ymnus,
969 1415 1062 1480 Deus
1084 1426 1225 1481 trcorrrru.
1264 1412 1471 1501 Antiphone,

296 1525 415 1589 Beatus
439 1523 639 1588 Laurentius
667 1521 795 1588 orabat.
842 1518 1000 1601 Oramus,
1031 1505 1153 1587 Adesto
1179 1522 1472 1608 supplicationibus

292 1630 491 1714 auuu'potrus
520 1632 608 1695 deses.
661 1626 718 1693 Ad
748 1627 923 1693 stationem
946 1626 1204 1712 responsorium,
1234 1629 1352 1695 Levita
1381 1629 1472 1695 Las·

292 1741 428 1803 ruscius.
460 1734 588 1818 Oratio,
608 1736 730 1802 excita
746 1737 887 1802 Domine
909 1734 944 1800 ia
967 1736 1139 1803 aecclesia.
1168 1732 1227 1800 Ad
1249 1733 1472 1802 invitatorium

294 1844 359 1909 sint
390 1848 546 1928 quattuor
578 1842 611 1907 in
642 1840 774 1928 cappis,
815 1844 937 1906 Beatus
961 1841 1162 1907 Laurentius
1188 1855 1320 1925 martyr
1342 1843 1471 1912 christi.

296 1949 440 2029 Ymnus,
478 1950 617 2031 Marna
639 1951 709 2029 dci,
739 1951 799 2033 qui
819 1950 962 2014 arricum.
1008 1944 1183 2014 Lectiones
1216 1954 1291 2015 octo
1325 1947 1367 2017 ds
1401 1949 1472 2037 sjns

293 2056 454 2142 passione.
501 2053 755 2140 Responsorium
779 2061 947 2140 quartum,
971 2059 1122 2120 octavum
1145 2059 1180 2121 et
1201 2053 1430 2124 duodecimum
1451 2077 1473 2124 a

294 2163 420 2231 duobus
443 2161 677 2246 decantentur3
701 2159 929 2227 duodecimum
953 2158 1093 2247 denique
1119 2168 1195 2246 post
1216 2160 1353 2249 gloriam
1375 2183 1398 2230 a
1420 2184 1473 2231 ca·

294 2272 361 2356 pite
384 2276 544 2356 repetant.
591 2268 720 2349 Primo,
759 2265 903 2334 secundo
933 2274 1094 2335 nocturno
1124 2274 1191 2336 tres
1214 2268 1372 2337 candelas
1394 2277 1473 2350 ante

294 2377 399 2443 altare
429 2378 511 2458 sint,
551 2383 638 2442 retro
661 2397 737 2445 una.
784 2375 824 2441 In
854 2374 953 2441 tertio
975 2373 1134 2442 homelias
1163 2377 1269 2444 sancti
1297 2376 1472 2463 augustini,

295 2489 407 2568 Arrrru,
432 2509 528 2552 arrrru
551 2487 623 2552 dico
646 2482 786 2570 r·obr's,¹)
821 2485 889 2550 uisi
904 2506 1055 2569 graneam
1074 2486 1247 2567 frumeuti
1252 2482 1300 2566 ,(“)
1331 2490 1366 2551 et
1387 2485 1474 2552 cerei
1501 2521 1531 2565 (.)
1546 2520 1612 2564 m.
1626 2521 1723 2576 mv,

294 2591 359 2659 duo
383 2597 572 2677 augeantur.
1501 2594 1569 2645 ¹²⁸⁸·
1588 2593 1664 2636 Μ
1683 2593 1725 2646 ss·

382 2700 464 2766 Post
488 2699 688 2783 evangelium
712 2699 869 2765 recitetur
892 2697 1049 2781 collecta,
1085 2700 1211 2767 Excita
1233 2702 1384 2771 Domine.
1430 2698 1474 2767 In
1510 2664 1580 2709 Μ’
1593 2663 1649 2720 ω’
1663 2667 1712 2722 ⁸¹²

295 2808 407 2874 laudes
420 2806 462 2873 ad
474 2808 648 2873 stationem
661 2807 912 2892 responsorium,
926 2808 1051 2874 Beatus
1060 2806 1086 2894 ][
1097 2808 1307 2874 Laurentius.
1335 2805 1474 2874 iliacam
1560 2825 1603 2868 aa
1616 2827 1659 2869 so

295 2914 519 2981 matutinalem
549 2921 648 2999 agant
676 2936 716 2980 ex
738 2913 791 2980 die
814 2912 991 2979 Dominica
1013 2914 1040 2979 si
1063 2911 1223 2997 adsuerit,
1257 2912 1474 3001 adjungentes

295 3023 475 3089 orationem
498 3023 603 3087 sancti
622 3019 807 3103 Laurentii,
832 3023 956 3088 Ereita
978 3022 1119 3088 Doruiuc
1141 3028 1175 3088 et
1197 3019 1280 3088 alias
1301 3027 1474 3089 consuetu·

296 3128 449 3195 dinarius.
484 3128 526 3196 In
549 3127 637 3194 horis
661 3130 821 3212 inponant
844 3125 1058 3212 antiphonam
1080 3149 1122 3195 ex
1139 3127 1307 3195 matutinis
1320 3125 1475 3195 laodrlm

296 3238 364 3303 sine
388 3234 542 3304 versibus.
589 3233 646 3300 Ad
669 3235 801 3301 missam
824 3235 982 3319 majorem
1012 3254 1125 3301 omues
1159 3234 1347 3302 sacerdotes
1374 3240 1475 3321 atque

295 3344 413 3410 levitae
436 3343 501 3408 sint
524 3342 633 3408 amicti
644 3341 668 3432 ')
692 3342 815 3427 cappis.
862 3339 996 3427 Septem
1027 3341 1112 3408 cerei
1142 3341 1366 3408 accendantur
1395 3348 1474 3409 ants

296 3472 396 3517 mam.
443 3448 577 3533 Oratio,
612 3453 753 3517 Praesta
788 3450 881 3515 nobis
914 3471 1110 3535 praesumus
1144 3449 1342 3537 circumactus
1371 3450 1473 3518 Deus.

296 3558 443 3644 Vespere
466 3556 683 3642 antiphonae,
719 3577 802 3641 qnae
826 3576 924 3641 super
946 3560 1141 3623 nocturnum
1164 3555 1280 3640 inerit,
1302 3556 1473 3642 inponant,

296 3666 365 3731 sine
400 3665 568 3733 versiculis
602 3660 821 3749 sequentibus.
876 3661 1001 3729 Psalmi
1036 3684 1078 3730 ex
1111 3684 1177 3729 uuo
1211 3668 1354 3750 mamare
1385 3683 1475 3730 asso

296 3773 421 3858 mant¹)
446 3782 513 3840 tam
535 3774 571 3838 in
592 3770 657 3837 hac
679 3770 771 3853 hora,
795 3790 894 3857 qnam
917 3768 959 3835 dc
981 3771 1154 3837 matutina
1200 3769 1293 3838 Unus
1319 3768 1474 3837 mcerdos

296 3882 394 3948 sitin
418 3902 524 3966 cappa
551 3879 593 3945 ad
623 3880 790 3945 incensum
821 3877 1060 3963 deportandum
1084 3877 1244 3944 altaribus
1266 3883 1301 3944 et
1322 3881 1475 3963 repetant

297 3986 509 4072 antiphonam
533 3984 574 4051 de
598 3990 712 4052 sancto
735 3986 890 4071 episcopo
913 3985 1054 4054 taurino.

387 4090 521 4160 XCIX.
546 4090 587 4157 In
604 4092 708 4158 saneti
723 4091 845 4159 taurini
857 4091 1043 4159 testivitate.
1068 4091 1124 4157 Ad
1136 4091 1311 4157 stationem
1327 4089 1393 4159 sint
1408 4088 1474 4156 dno

297 4201 330 4265 in
355 4198 476 4284 cappis.
518 4197 722 4285 Antiphone,
753 4202 876 4278 Jusrus
903 4212 940 4268 ut
960 4203 1090 4288 pallara.
1129 4196 1305 4265 Lectiones
1331 4203 1406 4266 octo
1432 4195 1475 4265 de

298 4307 368 4391 ejus
382 4306 465 4387 cita3
489 4303 594 4371 mnu
619 4305 741 4374 v111v=
766 4305 883 4373 xnus
907 4328 928 4373 a
952 4304 1078 4372 duobus
1095 4304 1297 4372 decantetur.
1336 4302 1475 4371 niissarn

298 4469 443 4478 u-..n-n--
462 4469 511 4477 ..-

387 4555 410 4624 ι)
427 4554 544 4613 Μ

386 4642 409 4714 ¹)
427 4644 461 4701 la
478 4649 575 4702 matu:
593 4642 707 4700 suited

351 4731 532 4778 &amentata
546 4733 692 4776 locantem.
