3792 5375
884 496 1109 559 ..42-

410 690 543 777 lajatica
581 690 622 757 dc
652 689 793 756 adventu
825 688 945 756 domini
977 695 1237 770 assnnrmantur,
1275 706 1361 770 qnae
1395 684 1592 753 conveniant

409 799 470 884 ipsi
492 797 567 866 diei.

496 902 609 970 Sancti
634 901 799 970 Ambrosii
823 901 993 968 festivitas.
1041 899 1077 966 si
1101 907 1178 966 ante
1202 920 1338 966 caenam
1362 897 1484 964 donrini

410 1013 532 1078 venerit
554 1010 679 1076 iaciant
702 1011 787 1075 sicut
808 1009 840 1074 in
865 1009 970 1074 sancti
992 1007 1133 1092 gregorii
1155 1029 1282 1093 papae,
1313 1006 1340 1071 si
1368 1012 1444 1090 post
1465 1003 1592 1090 pascha

409 1119 504 1184 inerit
526 1117 748 1182 invitatorium
771 1115 835 1180 duo
859 1114 973 1181 dicant
1003 1115 1036 1179 in
1064 1114 1189 1201 cappis.
1237 1112 1413 1178 Lectiones
1443 1120 1519 1179 octo
1550 1133 1590 1178 ex

408 1226 477 1310 ejus
500 1225 575 1290 rita
622 1222 889 1308 Responsorium,
914 1225 1038 1288 Bealas
1061 1226 1135 1302 vir;
1159 1220 1266 1287 ΙΙΙΙτΙΙ
1285 1218 1408 1287 VIIIv⁰
1428 1217 1545 1284 ΧΙΙΙΙΙΙΙ
1570 1241 1592 1285 a

408 1331 533 1398 duobus
555 1328 794 1397 decantabitur.
844 1327 885 1394 In
910 1328 1007 1394 tertio
1030 1327 1174 1409 bornilia,
1198 1330 1275 1414 [224'0
1297 1350 1369 1392 sitin
1393 1327 1473 1393 aitis
1496 1348 1590 1394 evera.

408 1436 548 1522 Quando
571 1437 658 1502 infra
678 1435 829 1502 octabam
845 1435 990 1521 paschae
1007 1435 1151 1501 evenerit
1165 1434 1324 1500 lectiones
1341 1439 1440 1518 atquc
1456 1454 1591 1518 respon·

409 1544 494 1609 soria
516 1543 626 1609 omnia
650 1542 691 1608 de
713 1542 785 1627 ipso
809 1549 923 1609 sarrcto
953 1548 1151 1627 praenotato
1174 1540 1309 1608 iaciant.
1356 1538 1592 1606 Matutinalem

407 1650 538 1716 missam
562 1672 601 1715 ex
625 1649 872 1732 resurrectione,
900 1649 1055 1733 majorem
1079 1656 1189 1714 antem
1213 1669 1232 1713 e
1257 1654 1382 1714 sancto.
1429 1645 1591 1728 Otiicium,

408 1759 592 1825 Protexisli
605 1779 655 1821 me
670 1759 759 1825 detes.
787 1753 915 1837 Oratio,
931 1760 963 1822 A
968 1758 1138 1823 ecclesiam
1154 1769 1257 1822 telana.
1286 1753 1450 1839 Epistola,
1467 1756 1593 1820 Beatus

114 1849 380 1933 (primianistae
407 1868 462 1931 eir
478 1887 523 1950 qu
538 1864 572 1930 ia
586 1864 801 1948 sapierrlr'e.‘⁸)
834 1861 1104 1948 Responsorium,
1130 1865 1275 1940 Jaravit
1295 1863 1456 1931 doctrinas.
1500 1863 1592 1927 Alle-

355 2018 357 2021 -
408 1973 489 2059 lep’cr.
537 1969 779 2057 Confitebaatar
803 1970 903 2037 Caeli.
951 1966 1173 2047 Offertorium,
1199 1969 1451 2055 Confitebunlur.
1493 1966 1592 2034 Com·

408 2077 529 2159 rriunio,
552 2078 628 2163 Ego
649 2099 723 2142 sam
739 2079 827 2143 aitis.
862 2074 929 2142 Por
951 2073 1050 2143 boras
1066 2073 1201 2159 alleluja
1217 2095 1259 2140 ex
1275 2076 1410 2142 sanctis.
1443 2073 1592 2159 Vespere

409 2183 468 2249 sub
491 2181 625 2267 alleluja
647 2187 784 2248 canetur
806 2203 880 2247 curn
902 2181 1039 2268 psalmis
1062 2179 1104 2247 de
1127 2179 1371 2248 confessoribus
1389 2187 1423 2247 et
1438 2187 1593 2267 repetant

408 2288 613 2375 postmodnm
638 2286 849 2373 antiphonam
873 2288 914 2354 de
938 2286 1060 2355 domini
1084 2288 1324 2355 resurrectione
1346 2287 1450 2374 ipsius
1472 2286 1549 2356 diei.

496 2394 615 2483 LII.][
629 2393 757 2461 Taliter
779 2395 900 2461 innecti
923 2402 1058 2462 moneat
1079 2416 1137 2464 ros
1161 2394 1280 2462 Passio
1303 2392 1438 2463 Christi.

496 2500 644 2569 Sabbata
673 2502 707 2567 in
736 2501 888 2588 passione
918 2500 962 2568 ad
997 2523 1168 2588 vesperam
1203 2501 1403 2587 capitulam,
1440 2504 1593 2569 Adtende

407 2612 543 2677 floralia.
579 2609 846 2695 Responson'unr,
876 2610 1048 2695 Usqueqao
1063 2611 1280 2687 exaltabitur,
1306 2607 1395 2696 quod
1411 2608 1467 2697 qui
1491 2616 1593 2675 canat

408 2717 512 2802 gloria
533 2717 620 2802 patri
643 2737 709 2783 non
732 2716 832 2801 dicat,
855 2716 914 2783 sed
937 2718 1044 2802 ipsum
1068 2718 1314 2803 responsoriam
1338 2717 1484 2804 acapitc
1498 2737 1592 2784 reca-

407 2824 533 2908 pitulet
568 2822 709 2906 Ymnus,
733 2826 862 2892 Vexilla
878 2825 981 2910 regis.
1013 2823 1219 2912 Antiphona,
1243 2826 1385 2892 Animae
1400 2827 1591 2912 impieremr.

409 2930 635 3016 Antiphonam
651 2952 748 3016 quarn
772 2929 920 2997 solebant
943 2930 1052 2997 dicore
1068 2931 1109 2997 de
1126 2952 1223 2997 cruce
1241 2929 1426 3015 dimittant3
1443 2931 1593 2998 similiter

408 3036 616 3121 processione
634 3035 684 3123 (l),
714 3059 812 3124 quarm
843 3035 994 3103 solebant
1014 3058 1122 3123 agere,
1154 3037 1189 3102 in
1223 3036 1278 3104 die
1300 3036 1515 3105 sabbatorum
1548 3037 1592 3106 ad

409 3148 556 3208 sanctam
580 3163 719 3209 crucem.
766 3141 980 3228 Supervenitc
1005 3141 1197 3228 antiphona,
1220 3144 1460 3231 Quadraginta
1483 3148 1592 3225 annis,

409 3270 483 3314 mox
507 3255 544 3314 nt
566 3247 689 3315 dietum
714 3248 828 3331 inerit,
859 3252 956 3316 leodic
981 3253 1016 3316 si
1035 3273 1145 3317 vocem
1169 3249 1340 3317 dimittant
1362 3250 1425 3338 ipsi
1439 3250 1514 3334 duo
1536 3254 1593 3338 qui

409 3359 545 3421 cantant
567 3353 655 3421 hunc
678 3376 815 3438 versam,
849 3355 1088 3443 Qreadragiata
1112 3362 1211 3426 arteris
1242 3364 1277 3424 et
1309 3358 1490 3443 imponant,
1522 3361 1597 3446 Ipsi

409 3484 486 3536 aare
509 3467 543 3527 et
572 3463 689 3529 Gloria
707 3467 807 3548 patri
825 3484 891 3528 non
908 3471 1073 3530 resonent.
1109 3461 1177 3530 Sed
1200 3462 1415 3550 antiphonam
1438 3472 1594 3553 repetant

409 3576 578 3653 utsupra
625 3566 773 3652 Ynmns,
803 3572 924 3655 Parrge
953 3572 1083 3656 lirrgaa.
1129 3570 1307 3638 Lectiones
1336 3577 1412 3639 octo
1441 3571 1594 3658 legantur

410 3674 450 3741 do
473 3673 646 3741 hieremiae
669 3674 876 3761 prophaetia.
925 3675 980 3742 hd
1005 3677 1112 3761 finem,
1143 3677 1199 3762 qni
1221 3678 1311 3763 legit,
1340 3681 1490 3746 Taurum
1513 3680 1595 3747 deus

410 3780 507 3849 dicat.
541 3780 584 3847 In
607 3782 705 3848 tertio
728 3779 869 3849 homelia
893 3781 982 3848 beati
1004 3782 1157 3868 Gregorii
1180 3805 1298 3870 papae.
1335 3782 1593 3871 Responsorium

410 3888 466 3972 qni
490 3894 627 3953 cantant
657 3888 775 3956 Gloria
795 3894 895 3973 patri
922 3888 1067 3955 dimittat
1089 3897 1122 3956 et
1144 3890 1251 3976 ipsum
1276 3912 1297 3956 a
1320 3891 1429 3976 capite
1451 3897 1592 3978 repetat.

411 3993 467 4059 Ad
490 3994 717 4060 nratutinalem
740 3995 871 4061 missam
894 4017 959 4062 non
982 3996 1073 4063 dicat
1094 3998 1248 4064 sacerdos
1264 3998 1459 4079 orationem,
1484 3998 1594 4067 Omni·
1634 4079 1638 4089 ι

404 4113 519 4186 pateas
540 4105 759 4186 serapiternae
774 4103 863 4183 deas,
888 4107 947 4187 qai
960 4105 1082 4172 dedisti
1090 4107 1243 4190 stateralis
1261 4107 1339 4172 luis.
1363 4103 1420 4170 Ad
1436 4105 1594 4189 mnjomm

411 4208 452 4272 aral
477 4206 646 4273 introitum
670 4206 761 4274 dicat
784 4208 900 4276 Gloria
921 4212 1023 4295 patri
1043 4216 1076 4277 et
1099 4212 1205 4279 Credo
1227 4216 1263 4279 in
1286 4236 1386 4279 tererem
1410 4215 1516 4280 derata.
1552 4211 1594 4279 In

412 4311 583 4379 cotidianis
613 4312 746 4397 diebus,
777 4315 832 4400 qui
863 4314 957 4400 legit,
988 4338 1063 4383 mox
1093 4323 1131 4383 ut
1160 4316 1300 4384 doninus
1329 4316 1434 4384 abbas
1463 4317 1594 4399 dixerit,

413 4422 506 4488 Haec
534 4421 619 4488 elicit
639 4421 810 4496 denariatas(
833 4419 886 4486 ille
911 4421 1016 4488 dicat:
1049 4425 1288 4492 Camertimini
1308 4424 1360 4490 ad
1378 4449 1430 4491 me
1452 4438 1484 4492 et
1503 4427 1598 4493 salai

412 4530 516 4595 critis.
575 4526 677 4594 Horis
707 4527 856 4594 omnibus
884 4528 934 4593 vel
965 4529 1130 4616 obsequiis
1160 4529 1274 4597 herent
1304 4529 1452 4617 capitula
1482 4550 1595 4597 sersus

412 4640 444 4699 ct
480 4634 645 4700 orationes
679 4634 721 4701 de
754 4635 907 4719 passione
940 4636 1063 4702 ‹lonrini
1098 4636 1182 4703 sicut
1216 4639 1423 4724 conscriptae
1453 4641 1530 4704 sant
1559 4636 1594 4702 in
