<?xml version="1.0" encoding="UTF-8"?>
<!DOCTYPE html PUBLIC "-//W3C//DTD XHTML 1.0 Transitional//EN"
    "http://www.w3.org/TR/xhtml1/DTD/xhtml1-transitional.dtd">
<html xmlns="http://www.w3.org/1999/xhtml" xml:lang="en" lang="en">
 <head>
  <title>
</title>
<meta http-equiv="Content-Type" content="text/html;charset=utf-8" />
  <meta name='ocr-system' content='tesseract 3.04.00' />
  <meta name='ocr-capabilities' content='ocr_page ocr_carea ocr_par ocr_line ocrx_word'/>
</head>
<body>
  <div class='ocr_page' id='page_1' title='image "./consuetudinesmo00albegoog_0270.png"; bbox 0 0 3792 5375; ppageno 0'>
   <div class='ocr_carea' id='block_1_1' title="bbox 773 528 1014 589">
    <p class='ocr_par' dir='ltr' id='par_1_1' title="bbox 773 528 1014 589">
     <span class='ocr_line' id='line_1_1' title="bbox 773 528 1014 589; baseline 0.004 -2"><span class='ocrx_word' id='word_1_1' title='bbox 773 528 1014 589; x_wconf 72' lang='lat'>-159-</span> 
     </span>
    </p>
   </div>
   <div class='ocr_carea' id='block_1_2' title="bbox 306 717 1490 1765">
    <p class='ocr_par' dir='ltr' id='par_1_2' title="bbox 306 717 1486 1022">
     <span class='ocr_line' id='line_1_2' title="bbox 306 717 1485 805; baseline 0 -20"><span class='ocrx_word' id='word_1_2' title='bbox 306 742 424 787; x_wconf 75' lang='lat' dir='ltr'>uterinus</span> <span class='ocrx_word' id='word_1_3' title='bbox 446 720 578 799; x_wconf 75' lang='lat' dir='ltr'>oftiriut,</span> <span class='ocrx_word' id='word_1_4' title='bbox 602 743 676 787; x_wconf 85' lang='lat' dir='ltr'>cunr</span> <span class='ocrx_word' id='word_1_5' title='bbox 700 717 811 801; x_wconf 83' lang='lat' dir='ltr'>fratre,</span> <span class='ocrx_word' id='word_1_6' title='bbox 835 718 889 805; x_wconf 89' lang='lat' dir='ltr'>qui</span> <span class='ocrx_word' id='word_1_7' title='bbox 917 739 1014 805; x_wconf 90' lang='lat' dir='ltr'>super</span> <span class='ocrx_word' id='word_1_8' title='bbox 1029 739 1157 784; x_wconf 84' lang='lat' dir='ltr'>orreurn</span> <span class='ocrx_word' id='word_1_9' title='bbox 1185 725 1234 783; x_wconf 88' lang='lat' dir='ltr'>est</span> <span class='ocrx_word' id='word_1_10' title='bbox 1262 718 1485 785; x_wconf 83' lang='lat' dir='ltr'>constitutum.</span> 
     </span>
     <span class='ocr_line' id='line_1_3' title="bbox 309 823 1486 913; baseline -0.003 -20"><span class='ocrx_word' id='word_1_11' title='bbox 309 828 352 893; x_wconf 81' lang='lat' dir='ltr'>Et</span> <span class='ocrx_word' id='word_1_12' title='bbox 377 827 507 913; x_wconf 77' lang='lat' dir='ltr'>quaudo</span> <span class='ocrx_word' id='word_1_13' title='bbox 531 826 736 893; x_wconf 75' lang='lat' dir='ltr'>cellararium</span> <span class='ocrx_word' id='word_1_14' title='bbox 752 825 790 913; x_wconf 76' lang='lat' dir='ltr'>(l)</span> <span class='ocrx_word' id='word_1_15' title='bbox 807 826 908 891; x_wconf 85' lang='lat' dir='ltr'>risum</span> <span class='ocrx_word' id='word_1_16' title='bbox 933 823 1040 905; x_wconf 84' lang='lat' dir='ltr'>fuerit,</span> <span class='ocrx_word' id='word_1_17' title='bbox 1064 832 1172 911; x_wconf 82' lang='lat' dir='ltr'>potest</span> <span class='ocrx_word' id='word_1_18' title='bbox 1196 846 1294 910; x_wconf 85' lang='lat' dir='ltr'>quern</span> <span class='ocrx_word' id='word_1_19' title='bbox 1317 824 1386 910; x_wconf 87' lang='lat' dir='ltr'>ipsc</span> <span class='ocrx_word' id='word_1_20' title='bbox 1409 823 1486 892; x_wconf 78' lang='lat' dir='ltr'>uelit</span> 
     </span>
     <span class='ocr_line' id='line_1_4' title="bbox 306 930 1217 1022; baseline -0.002 -23"><span class='ocrx_word' id='word_1_21' title='bbox 306 935 348 1001; x_wconf 87' lang='lat' dir='ltr'>de</span> <span class='ocrx_word' id='word_1_22' title='bbox 372 933 528 1000; x_wconf 85' lang='lat' dir='ltr'>fratribus</span> <span class='ocrx_word' id='word_1_23' title='bbox 552 954 686 1000; x_wconf 76' lang='lat' dir='ltr'>evocare</span> <span class='ocrx_word' id='word_1_24' title='bbox 709 940 742 1012; x_wconf 79' lang='lat' dir='ltr'>et</span> <span class='ocrx_word' id='word_1_25' title='bbox 764 930 898 1022; x_wconf 83' lang='lat' dir='ltr'>fa][cerc</span> <span class='ocrx_word' id='word_1_26' title='bbox 921 954 996 998; x_wconf 85' lang='lat' dir='ltr'>rum</span> <span class='ocrx_word' id='word_1_27' title='bbox 1019 953 1068 998; x_wconf 86' lang='lat' dir='ltr'>eo.</span> <span class='ocrx_word' id='word_1_28' title='bbox 1115 931 1217 997; x_wconf 86' lang='lat' dir='ltr'>Itenr:</span> 
     </span>
    </p>

    <p class='ocr_par' dir='ltr' id='par_1_3' title="bbox 307 1036 1490 1765">
     <span class='ocr_line' id='line_1_5' title="bbox 397 1036 1488 1126; baseline 0.002 -23"><span class='ocrx_word' id='word_1_29' title='bbox 397 1041 539 1126; x_wconf 78' lang='lat' dir='ltr'>Quando</span> <span class='ocrx_word' id='word_1_30' title='bbox 568 1038 744 1125; x_wconf 83' lang='lat' dir='ltr'>capituluru</span> <span class='ocrx_word' id='word_1_31' title='bbox 775 1060 868 1104; x_wconf 84' lang='lat' dir='ltr'>suurn</span> <span class='ocrx_word' id='word_1_32' title='bbox 899 1039 1144 1122; x_wconf 83' lang='lat' dir='ltr'>pronuntiatum</span> <span class='ocrx_word' id='word_1_33' title='bbox 1170 1037 1278 1120; x_wconf 89' lang='lat' dir='ltr'>fuerit,</span> <span class='ocrx_word' id='word_1_34' title='bbox 1291 1037 1317 1122; x_wconf 90' lang='lat'>¹)</span> <span class='ocrx_word' id='word_1_35' title='bbox 1340 1037 1411 1124; x_wconf 85' lang='lat' dir='ltr'>ipso</span> <span class='ocrx_word' id='word_1_36' title='bbox 1434 1036 1488 1105; x_wconf 83' lang='lat' dir='ltr'>(lic</span> 
     </span>
     <span class='ocr_line' id='line_1_6' title="bbox 307 1144 1487 1233; baseline 0.002 -22"><span class='ocrx_word' id='word_1_37' title='bbox 307 1147 427 1215; x_wconf 74' lang='lat' dir='ltr'>«latrent</span> <span class='ocrx_word' id='word_1_38' title='bbox 452 1148 572 1214; x_wconf 71' lang='lat' dir='ltr'>lautiore</span> <span class='ocrx_word' id='word_1_39' title='bbox 595 1146 794 1233; x_wconf 81' lang='lat' dir='ltr'>generaliter</span> <span class='ocrx_word' id='word_1_40' title='bbox 817 1169 856 1211; x_wconf 79' lang='lat' dir='ltr'>cx</span> <span class='ocrx_word' id='word_1_41' title='bbox 880 1168 937 1211; x_wconf 91' lang='lat' dir='ltr'>sua</span> <span class='ocrx_word' id='word_1_42' title='bbox 962 1155 1074 1232; x_wconf 89' lang='lat' dir='ltr'>parte,</span> <span class='ocrx_word' id='word_1_43' title='bbox 1106 1153 1139 1211; x_wconf 86' lang='lat' dir='ltr'>et</span> <span class='ocrx_word' id='word_1_44' title='bbox 1163 1144 1254 1211; x_wconf 89' lang='lat' dir='ltr'>aliud</span> <span class='ocrx_word' id='word_1_45' title='bbox 1277 1166 1487 1231; x_wconf 80' lang='lat' dir='ltr'>praepanrre,</span> 
     </span>
     <span class='ocr_line' id='line_1_7' title="bbox 309 1251 1488 1340; baseline 0.001 -23"><span class='ocrx_word' id='word_1_46' title='bbox 309 1264 402 1339; x_wconf 87' lang='lat' dir='ltr'>prout</span> <span class='ocrx_word' id='word_1_47' title='bbox 428 1255 541 1321; x_wconf 81' lang='lat' dir='ltr'>irrelius</span> <span class='ocrx_word' id='word_1_48' title='bbox 565 1254 717 1340; x_wconf 90' lang='lat' dir='ltr'>potuerit,</span> <span class='ocrx_word' id='word_1_49' title='bbox 741 1261 774 1318; x_wconf 82' lang='lat' dir='ltr'>et</span> <span class='ocrx_word' id='word_1_50' title='bbox 798 1254 969 1318; x_wconf 84' lang='lat' dir='ltr'>caritatem</span> <span class='ocrx_word' id='word_1_51' title='bbox 994 1252 1117 1318; x_wconf 88' lang='lat' dir='ltr'>faciant</span> <span class='ocrx_word' id='word_1_52' title='bbox 1140 1253 1209 1317; x_wconf 89' lang='lat' dir='ltr'>sine</span> <span class='ocrx_word' id='word_1_53' title='bbox 1226 1253 1333 1318; x_wconf 91' lang='lat' dir='ltr'>sonitu</span> <span class='ocrx_word' id='word_1_54' title='bbox 1351 1251 1488 1338; x_wconf 69' lang='lat' dir='ltr'>upuillae</span> 
     </span>
     <span class='ocr_line' id='line_1_8' title="bbox 307 1356 1488 1448; baseline 0.003 -25"><span class='ocrx_word' id='word_1_55' title='bbox 307 1364 349 1427; x_wconf 79' lang='lat' dir='ltr'>‹te</span> <span class='ocrx_word' id='word_1_56' title='bbox 372 1363 561 1448; x_wconf 79' lang='lat' dir='ltr'>pigurerrtis:</span> <span class='ocrx_word' id='word_1_57' title='bbox 586 1370 619 1428; x_wconf 80' lang='lat' dir='ltr'>et</span> <span class='ocrx_word' id='word_1_58' title='bbox 642 1362 668 1427; x_wconf 88' lang='lat' dir='ltr'>si</span> <span class='ocrx_word' id='word_1_59' title='bbox 690 1359 809 1425; x_wconf 82' lang='lat' dir='ltr'>lecturo</span> <span class='ocrx_word' id='word_1_60' title='bbox 834 1357 931 1425; x_wconf 87' lang='lat' dir='ltr'>fuerit</span> <span class='ocrx_word' id='word_1_61' title='bbox 947 1357 1102 1439; x_wconf 87' lang='lat' dir='ltr'>secunda,</span> <span class='ocrx_word' id='word_1_62' title='bbox 1125 1356 1205 1427; x_wconf 62' lang='lat' dir='ltr'>lt&#39;t·</span> <span class='ocrx_word' id='word_1_63' title='bbox 1229 1359 1279 1425; x_wconf 83' lang='lat' dir='ltr'>rel</span> <span class='ocrx_word' id='word_1_64' title='bbox 1299 1358 1372 1426; x_wconf 69' lang='lat' dir='ltr'>l’lt·</span> <span class='ocrx_word' id='word_1_65' title='bbox 1396 1357 1488 1441; x_wconf 87' lang='lat' dir='ltr'>feria,</span> 
     </span>
     <span class='ocr_line' id='line_1_9' title="bbox 309 1464 1488 1552; baseline -0.002 -19"><span class='ocrx_word' id='word_1_66' title='bbox 309 1468 480 1537; x_wconf 86' lang='lat' dir='ltr'>interduo</span> <span class='ocrx_word' id='word_1_67' title='bbox 505 1469 623 1535; x_wconf 89' lang='lat' dir='ltr'>fratres</span> <span class='ocrx_word' id='word_1_68' title='bbox 646 1465 807 1535; x_wconf 77' lang='lat' dir='ltr'>condonet</span> <span class='ocrx_word' id='word_1_69' title='bbox 832 1465 1000 1531; x_wconf 76' lang='lat' dir='ltr'>scutellam</span> <span class='ocrx_word' id='word_1_70' title='bbox 1023 1464 1065 1532; x_wconf 90' lang='lat' dir='ltr'>dc</span> <span class='ocrx_word' id='word_1_71' title='bbox 1089 1465 1233 1551; x_wconf 82' lang='lat' dir='ltr'>piscibus</span> <span class='ocrx_word' id='word_1_72' title='bbox 1255 1466 1488 1552; x_wconf 75' lang='lat' dir='ltr'>praestantius,</span> 
     </span>
     <span class='ocr_line' id='line_1_10' title="bbox 308 1571 1490 1662; baseline -0.002 -20"><span class='ocrx_word' id='word_1_73' title='bbox 308 1598 406 1662; x_wconf 64' lang='lat' dir='ltr'>«luam</span> <span class='ocrx_word' id='word_1_74' title='bbox 443 1576 529 1642; x_wconf 84' lang='lat' dir='ltr'>soliti</span> <span class='ocrx_word' id='word_1_75' title='bbox 565 1576 696 1641; x_wconf 83' lang='lat' dir='ltr'>fueraut</span> <span class='ocrx_word' id='word_1_76' title='bbox 731 1572 804 1639; x_wconf 88' lang='lat' dir='ltr'>aliis</span> <span class='ocrx_word' id='word_1_77' title='bbox 833 1571 965 1655; x_wconf 86' lang='lat' dir='ltr'>diebus,</span> <span class='ocrx_word' id='word_1_78' title='bbox 996 1578 1029 1638; x_wconf 83' lang='lat' dir='ltr'>rt</span> <span class='ocrx_word' id='word_1_79' title='bbox 1058 1573 1151 1657; x_wconf 92' lang='lat' dir='ltr'>potio</span> <span class='ocrx_word' id='word_1_80' title='bbox 1181 1572 1407 1660; x_wconf 42' lang='lat' dir='ltr'>propinetur&amp;</span> <span class='ocrx_word' id='word_1_81' title='bbox 1429 1594 1490 1659; x_wconf 85' lang='lat' dir='ltr'>per</span> 
     </span>
     <span class='ocr_line' id='line_1_11' title="bbox 309 1678 1489 1765; baseline -0.003 -16"><span class='ocrx_word' id='word_1_82' title='bbox 309 1692 444 1749; x_wconf 80' lang='lat' dir='ltr'>eurrrtos</span> <span class='ocrx_word' id='word_1_83' title='bbox 469 1683 589 1749; x_wconf 86' lang='lat' dir='ltr'>fratres</span> <span class='ocrx_word' id='word_1_84' title='bbox 614 1682 682 1747; x_wconf 86' lang='lat' dir='ltr'>sine</span> <span class='ocrx_word' id='word_1_85' title='bbox 707 1681 814 1746; x_wconf 86' lang='lat' dir='ltr'>sonitu</span> <span class='ocrx_word' id='word_1_86' title='bbox 832 1680 953 1748; x_wconf 76' lang='lat' dir='ltr'>scillae.</span> <span class='ocrx_word' id='word_1_87' title='bbox 989 1679 1085 1745; x_wconf 81' lang='lat' dir='ltr'>Alios</span> <span class='ocrx_word' id='word_1_88' title='bbox 1100 1678 1139 1765; x_wconf 77' lang='lat' dir='ltr'>(l)</span> <span class='ocrx_word' id='word_1_89' title='bbox 1155 1678 1208 1746; x_wconf 86' lang='lat' dir='ltr'>die</span> <span class='ocrx_word' id='word_1_90' title='bbox 1232 1679 1489 1747; x_wconf 75' lang='lat' dir='ltr'>satisfactionem</span> 
     </span>
    </p>
   </div>
   <div class='ocr_carea' id='block_1_3' title="bbox 310 1784 1543 1884">
    <p class='ocr_par' dir='ltr' id='par_1_4' title="bbox 310 1784 1543 1884">
     <span class='ocr_line' id='line_1_12' title="bbox 310 1784 1543 1884; baseline -0.001 -29"><span class='ocrx_word' id='word_1_91' title='bbox 310 1791 409 1856; x_wconf 85' lang='lat' dir='ltr'>faciut</span> <span class='ocrx_word' id='word_1_92' title='bbox 435 1792 467 1856; x_wconf 90' lang='lat' dir='ltr'>in</span> <span class='ocrx_word' id='word_1_93' title='bbox 491 1789 636 1876; x_wconf 70' lang='lat' dir='ltr'>capitulo</span> <span class='ocrx_word' id='word_1_94' title='bbox 659 1797 693 1856; x_wconf 89' lang='lat' dir='ltr'>et</span> <span class='ocrx_word' id='word_1_95' title='bbox 716 1787 863 1853; x_wconf 74' lang='lat' dir='ltr'>absoluat</span> <span class='ocrx_word' id='word_1_96' title='bbox 887 1808 961 1853; x_wconf 85' lang='lat' dir='ltr'>eum</span> <span class='ocrx_word' id='word_1_97' title='bbox 985 1785 1123 1853; x_wconf 86' lang='lat' dir='ltr'>dornnus</span> <span class='ocrx_word' id='word_1_98' title='bbox 1147 1785 1262 1868; x_wconf 85' lang='lat' dir='ltr'>abbas,</span> <span class='ocrx_word' id='word_1_99' title='bbox 1287 1794 1320 1853; x_wconf 89' lang='lat' dir='ltr'>et</span> <span class='ocrx_word' id='word_1_100' title='bbox 1343 1787 1371 1853; x_wconf 90' lang='lat' dir='ltr'>si</span> <span class='ocrx_word' id='word_1_101' title='bbox 1387 1784 1490 1854; x_wconf 79' lang='lat' dir='ltr'>abbas</span> <span class='ocrx_word' id='word_1_102' title='bbox 1536 1874 1543 1884; x_wconf 23' lang='grc' dir='ltr'>υ</span> 
     </span>
    </p>
   </div>
   <div class='ocr_carea' id='block_1_4' title="bbox 309 1892 1493 2608">
    <p class='ocr_par' dir='ltr' id='par_1_5' title="bbox 309 1892 1493 2608">
     <span class='ocr_line' id='line_1_13' title="bbox 311 1892 1491 1981; baseline -0.003 -17"><span class='ocrx_word' id='word_1_103' title='bbox 311 1920 374 1964; x_wconf 88' lang='lat' dir='ltr'>nou</span> <span class='ocrx_word' id='word_1_104' title='bbox 400 1905 460 1980; x_wconf 85' lang='lat' dir='ltr'>est,</span> <span class='ocrx_word' id='word_1_105' title='bbox 484 1896 585 1963; x_wconf 88' lang='lat' dir='ltr'>faciat</span> <span class='ocrx_word' id='word_1_106' title='bbox 608 1897 673 1976; x_wconf 85' lang='lat' dir='ltr'>illc,</span> <span class='ocrx_word' id='word_1_107' title='bbox 698 1896 753 1981; x_wconf 85' lang='lat' dir='ltr'>qui</span> <span class='ocrx_word' id='word_1_108' title='bbox 769 1894 914 1961; x_wconf 78' lang='lat' dir='ltr'>ordinent</span> <span class='ocrx_word' id='word_1_109' title='bbox 931 1900 1031 1962; x_wconf 87' lang='lat' dir='ltr'>tenet.</span> <span class='ocrx_word' id='word_1_110' title='bbox 1064 1892 1145 1962; x_wconf 86' lang='lat' dir='ltr'>Post</span> <span class='ocrx_word' id='word_1_111' title='bbox 1159 1893 1341 1980; x_wconf 82' lang='lat' dir='ltr'>capitulum</span> <span class='ocrx_word' id='word_1_112' title='bbox 1356 1901 1491 1962; x_wconf 78' lang='lat' dir='ltr'>cantent</span> 
     </span>
     <span class='ocr_line' id='line_1_14' title="bbox 309 1998 1491 2090; baseline -0.003 -21"><span class='ocrx_word' id='word_1_113' title='bbox 309 2006 452 2090; x_wconf 81' lang='lat' dir='ltr'>quinque</span> <span class='ocrx_word' id='word_1_114' title='bbox 476 2003 618 2089; x_wconf 85' lang='lat' dir='ltr'>psalrnos</span> <span class='ocrx_word' id='word_1_115' title='bbox 650 2025 709 2089; x_wconf 93' lang='lat' dir='ltr'>pro</span> <span class='ocrx_word' id='word_1_116' title='bbox 740 2001 917 2067; x_wconf 86' lang='lat' dir='ltr'>defunctis:</span> <span class='ocrx_word' id='word_1_117' title='bbox 949 2001 1068 2068; x_wconf 87' lang='lat' dir='ltr'>deinde</span> <span class='ocrx_word' id='word_1_118' title='bbox 1091 2023 1151 2087; x_wconf 87' lang='lat' dir='ltr'>pro</span> <span class='ocrx_word' id='word_1_119' title='bbox 1175 2002 1247 2088; x_wconf 83' lang='lat' dir='ltr'>ipso</span> <span class='ocrx_word' id='word_1_120' title='bbox 1270 1998 1412 2088; x_wconf 79' lang='lat' dir='ltr'>fratrc⁸)</span> <span class='ocrx_word' id='word_1_121' title='bbox 1434 2002 1491 2087; x_wconf 87' lang='lat' dir='ltr'>qui</span> 
     </span>
     <span class='ocr_line' id='line_1_15' title="bbox 310 2109 1490 2197; baseline 0.001 -21"><span class='ocrx_word' id='word_1_122' title='bbox 310 2112 480 2177; x_wconf 82' lang='lat' dir='ltr'>absolutus</span> <span class='ocrx_word' id='word_1_123' title='bbox 505 2120 553 2176; x_wconf 82' lang='lat' dir='ltr'>cst</span> <span class='ocrx_word' id='word_1_124' title='bbox 577 2110 749 2197; x_wconf 82' lang='lat' dir='ltr'>psalnrurn,</span> <span class='ocrx_word' id='word_1_125' title='bbox 775 2112 934 2176; x_wconf 65' lang='lat' dir='ltr'>„llr&#39;sercre</span> <span class='ocrx_word' id='word_1_126' title='bbox 955 2111 1132 2176; x_wconf 81' lang='lat' dir='ltr'>secrnrdnnr</span> <span class='ocrx_word' id='word_1_127' title='bbox 1157 2131 1329 2195; x_wconf 78' lang='lat' dir='ltr'>nrngnnm.</span> <span class='ocrx_word' id='word_1_128' title='bbox 1375 2109 1490 2195; x_wconf 79' lang='lat' dir='ltr'>Kyrie.</span> 
     </span>
     <span class='ocr_line' id='line_1_16' title="bbox 313 2215 1491 2305; baseline -0.003 -19"><span class='ocrx_word' id='word_1_129' title='bbox 313 2222 442 2287; x_wconf 78' lang='lat' dir='ltr'>t&#39;lrrr&#39;str</span> <span class='ocrx_word' id='word_1_130' title='bbox 466 2223 579 2305; x_wconf 57' lang='lat' dir='ltr'>luprie.</span> <span class='ocrx_word' id='word_1_131' title='bbox 616 2221 732 2285; x_wconf 83' lang='lat' dir='ltr'>Putrr.</span> <span class='ocrx_word' id='word_1_132' title='bbox 767 2219 813 2283; x_wconf 81' lang='lat' dir='ltr'>Et</span> <span class='ocrx_word' id='word_1_133' title='bbox 839 2241 879 2283; x_wconf 83' lang='lat' dir='ltr'>ne</span> <span class='ocrx_word' id='word_1_134' title='bbox 901 2241 969 2286; x_wconf 86' lang='lat' dir='ltr'>nos.</span> <span class='ocrx_word' id='word_1_135' title='bbox 1008 2215 1209 2302; x_wconf 78' lang='lat' dir='ltr'>Capitulum.</span> <span class='ocrx_word' id='word_1_136' title='bbox 1255 2217 1400 2286; x_wconf 79' lang='lat' dir='ltr'>Salvam</span> <span class='ocrx_word' id='word_1_137' title='bbox 1412 2219 1491 2302; x_wconf 84' lang='lat' dir='ltr'>sac.</span> 
     </span>
     <span class='ocr_line' id='line_1_17' title="bbox 312 2321 1493 2410; baseline -0.002 -17"><span class='ocrx_word' id='word_1_138' title='bbox 312 2328 409 2395; x_wconf 75' lang='lat' dir='ltr'>Mitte</span> <span class='ocrx_word' id='word_1_139' title='bbox 442 2329 474 2393; x_wconf 80' lang='lat' dir='ltr'>ri</span> <span class='ocrx_word' id='word_1_140' title='bbox 506 2330 642 2393; x_wconf 77' lang='lat' dir='ltr'>darrn&#39;ne.</span> <span class='ocrx_word' id='word_1_141' title='bbox 699 2325 861 2391; x_wconf 80' lang='lat' dir='ltr'>Dominus</span> <span class='ocrx_word' id='word_1_142' title='bbox 895 2326 1069 2395; x_wconf 73' lang='lat' dir='ltr'>vobiscum.</span> <span class='ocrx_word' id='word_1_143' title='bbox 1116 2321 1251 2407; x_wconf 77' lang='lat' dir='ltr'>Oratio,</span> <span class='ocrx_word' id='word_1_144' title='bbox 1285 2323 1493 2410; x_wconf 73' lang='lat' dir='ltr'>Omnipotens</span> 
     </span>
     <span class='ocr_line' id='line_1_18' title="bbox 311 2429 1493 2520; baseline -0.003 -21"><span class='ocrx_word' id='word_1_145' title='bbox 311 2438 505 2520; x_wconf 73' lang='lat' dir='ltr'>senrpinrnr</span> <span class='ocrx_word' id='word_1_146' title='bbox 529 2437 630 2512; x_wconf 80' lang='lat' dir='ltr'>Dens,</span> <span class='ocrx_word' id='word_1_147' title='bbox 656 2437 813 2499; x_wconf 72' lang='lat' dir='ltr'>miserare</span> <span class='ocrx_word' id='word_1_148' title='bbox 828 2434 965 2516; x_wconf 81' lang='lat' dir='ltr'>farrrrrlo</span> <span class='ocrx_word' id='word_1_149' title='bbox 986 2446 1049 2499; x_wconf 84' lang='lat' dir='ltr'>tno.</span> <span class='ocrx_word' id='word_1_150' title='bbox 1089 2429 1170 2517; x_wconf 87' lang='lat' dir='ltr'>Ipso</span> <span class='ocrx_word' id='word_1_151' title='bbox 1194 2430 1247 2497; x_wconf 86' lang='lat' dir='ltr'>die</span> <span class='ocrx_word' id='word_1_152' title='bbox 1270 2430 1493 2519; x_wconf 79' lang='lat' dir='ltr'>praestantius</span> 
     </span>
     <span class='ocr_line' id='line_1_19' title="bbox 311 2535 982 2608; baseline 0.003 -3"><span class='ocrx_word' id='word_1_153' title='bbox 311 2539 432 2606; x_wconf 67' lang='lat' dir='ltr'>elatrent</span> <span class='ocrx_word' id='word_1_154' title='bbox 456 2538 576 2605; x_wconf 80' lang='lat' dir='ltr'>habere</span> <span class='ocrx_word' id='word_1_155' title='bbox 600 2538 720 2605; x_wconf 87' lang='lat' dir='ltr'>fratres</span> <span class='ocrx_word' id='word_1_156' title='bbox 743 2535 776 2603; x_wconf 92' lang='lat' dir='ltr'>in</span> <span class='ocrx_word' id='word_1_157' title='bbox 799 2536 982 2608; x_wconf 82' lang='lat' dir='ltr'>refectorio.</span> 
     </span>
    </p>
   </div>
   <div class='ocr_carea' id='block_1_5' title="bbox 385 2736 1422 2943">
    <p class='ocr_par' dir='ltr' id='par_1_6' title="bbox 385 2736 1422 2943">
     <span class='ocr_line' id='line_1_20' title="bbox 385 2736 1422 2838; baseline 0.002 -28"><span class='ocrx_word' id='word_1_158' title='bbox 385 2739 479 2829; x_wconf 82' lang='lat' dir='ltr'>Quid</span> <span class='ocrx_word' id='word_1_159' title='bbox 514 2764 623 2837; x_wconf 85' lang='lat' dir='ltr'>agere</span> <span class='ocrx_word' id='word_1_160' title='bbox 657 2740 789 2814; x_wconf 84' lang='lat' dir='ltr'>‹lebeat</span> <span class='ocrx_word' id='word_1_161' title='bbox 822 2737 1077 2813; x_wconf 78' lang='lat' dir='ltr'>refectorarius</span> <span class='ocrx_word' id='word_1_162' title='bbox 1110 2736 1170 2812; x_wconf 83' lang='lat' dir='ltr'>rel</span> <span class='ocrx_word' id='word_1_163' title='bbox 1197 2736 1304 2838; x_wconf 85' lang='lat' dir='ltr'>pueri</span> <span class='ocrx_word' id='word_1_164' title='bbox 1336 2738 1422 2813; x_wconf 87' lang='lat' dir='ltr'>dum</span> 
     </span>
     <span class='ocr_line' id='line_1_21' title="bbox 725 2862 1091 2943; baseline 0.008 -5"><span class='ocrx_word' id='word_1_165' title='bbox 725 2864 919 2938; x_wconf 78' lang='lat' dir='ltr'>servitores</span> <span class='ocrx_word' id='word_1_166' title='bbox 948 2862 1091 2943; x_wconf 84' lang='lat' dir='ltr'>fuerint.</span> 
     </span>
    </p>
   </div>
   <div class='ocr_carea' id='block_1_6' title="bbox 313 3018 1499 4176">
    <p class='ocr_par' dir='ltr' id='par_1_7' title="bbox 313 3018 1499 4176">
     <span class='ocr_line' id='line_1_22' title="bbox 403 3018 1497 3107; baseline -0.001 -19"><span class='ocrx_word' id='word_1_167' title='bbox 403 3021 508 3090; x_wconf 85' lang='lat' dir='ltr'><strong>XIX.</strong></span> <span class='ocrx_word' id='word_1_168' title='bbox 558 3019 594 3088; x_wconf 86' lang='lat' dir='ltr'>Si</span> <span class='ocrx_word' id='word_1_169' title='bbox 628 3019 672 3087; x_wconf 91' lang='lat' dir='ltr'>ad</span> <span class='ocrx_word' id='word_1_170' title='bbox 707 3020 878 3087; x_wconf 72' lang='lat' dir='ltr'>servitores</span> <span class='ocrx_word' id='word_1_171' title='bbox 908 3026 985 3087; x_wconf 89' lang='lat' dir='ltr'>sunt</span> <span class='ocrx_word' id='word_1_172' title='bbox 1013 3021 1119 3105; x_wconf 83' lang='lat' dir='ltr'>pueri,</span> <span class='ocrx_word' id='word_1_173' title='bbox 1150 3020 1212 3107; x_wconf 88' lang='lat' dir='ltr'>ipsi</span> <span class='ocrx_word' id='word_1_174' title='bbox 1242 3018 1365 3087; x_wconf 85' lang='lat' dir='ltr'>debent</span> <span class='ocrx_word' id='word_1_175' title='bbox 1385 3019 1497 3087; x_wconf 81' lang='lat' dir='ltr'>lavare</span> 
     </span>
     <span class='ocr_line' id='line_1_23' title="bbox 313 3126 1495 3215; baseline 0.002 -23"><span class='ocrx_word' id='word_1_176' title='bbox 313 3129 470 3195; x_wconf 85' lang='lat' dir='ltr'>rocliures</span> <span class='ocrx_word' id='word_1_177' title='bbox 493 3138 526 3196; x_wconf 86' lang='lat' dir='ltr'>et</span> <span class='ocrx_word' id='word_1_178' title='bbox 549 3149 703 3215; x_wconf 88' lang='lat' dir='ltr'>scopare:</span> <span class='ocrx_word' id='word_1_179' title='bbox 728 3126 957 3193; x_wconf 82' lang='lat' dir='ltr'>refectorarius</span> <span class='ocrx_word' id='word_1_180' title='bbox 987 3148 1063 3193; x_wconf 77' lang='lat' dir='ltr'>vero</span> <span class='ocrx_word' id='word_1_181' title='bbox 1094 3148 1210 3214; x_wconf 88' lang='lat' dir='ltr'>panem</span> <span class='ocrx_word' id='word_1_182' title='bbox 1234 3128 1412 3214; x_wconf 82' lang='lat' dir='ltr'>percipere.</span> <span class='ocrx_word' id='word_1_183' title='bbox 1458 3126 1495 3196; x_wconf 87' lang='lat' dir='ltr'>Si</span> 
     </span>
     <span class='ocr_line' id='line_1_24' title="bbox 313 3223 1496 3322; baseline 0.003 -24"><span class='ocrx_word' id='word_1_184' title='bbox 313 3238 407 3321; x_wconf 91' lang='lat' dir='ltr'>pueri</span> <span class='ocrx_word' id='word_1_185' title='bbox 430 3235 557 3318; x_wconf 82' lang='lat' dir='ltr'>desunt,</span> <span class='ocrx_word' id='word_1_186' title='bbox 582 3258 665 3303; x_wconf 88' lang='lat' dir='ltr'>unus</span> <span class='ocrx_word' id='word_1_187' title='bbox 688 3235 728 3302; x_wconf 87' lang='lat' dir='ltr'>de</span> <span class='ocrx_word' id='word_1_188' title='bbox 752 3223 960 3300; x_wconf 76' lang='lat' dir='ltr'>servitoribus</span> <span class='ocrx_word' id='word_1_189' title='bbox 984 3233 1081 3301; x_wconf 81' lang='lat' dir='ltr'>debet</span> <span class='ocrx_word' id='word_1_190' title='bbox 1098 3233 1226 3301; x_wconf 87' lang='lat' dir='ltr'>cocleas</span> <span class='ocrx_word' id='word_1_191' title='bbox 1248 3234 1373 3316; x_wconf 73' lang='lat' dir='ltr'>levare,</span> <span class='ocrx_word' id='word_1_192' title='bbox 1396 3242 1496 3322; x_wconf 62' lang='lat' dir='ltr'>aterne</span> 
     </span>
     <span class='ocr_line' id='line_1_25' title="bbox 314 3340 1497 3429; baseline 0.002 -20"><span class='ocrx_word' id='word_1_193' title='bbox 314 3343 499 3428; x_wconf 72' lang='lat' dir='ltr'>fragrarenta</span> <span class='ocrx_word' id='word_1_194' title='bbox 514 3365 532 3410; x_wconf 87' lang='lat' dir='ltr'>c</span> <span class='ocrx_word' id='word_1_195' title='bbox 548 3343 666 3409; x_wconf 79' lang='lat' dir='ltr'>rurensis</span> <span class='ocrx_word' id='word_1_196' title='bbox 682 3363 855 3408; x_wconf 83' lang='lat' dir='ltr'>resumere.</span> <span class='ocrx_word' id='word_1_197' title='bbox 897 3340 943 3407; x_wconf 85' lang='lat' dir='ltr'>Et</span> <span class='ocrx_word' id='word_1_198' title='bbox 960 3348 1070 3408; x_wconf 84' lang='lat' dir='ltr'>tamen</span> <span class='ocrx_word' id='word_1_199' title='bbox 1086 3340 1127 3408; x_wconf 94' lang='lat' dir='ltr'>de</span> <span class='ocrx_word' id='word_1_200' title='bbox 1143 3340 1294 3408; x_wconf 83' lang='lat' dir='ltr'>orrrnibus</span> <span class='ocrx_word' id='word_1_201' title='bbox 1309 3341 1408 3410; x_wconf 87' lang='lat' dir='ltr'>debet</span> <span class='ocrx_word' id='word_1_202' title='bbox 1422 3364 1497 3429; x_wconf 64' lang='lat' dir='ltr'>pro</span> 
     </span>
     <span class='ocr_line' id='line_1_26' title="bbox 315 3447 1497 3536; baseline 0.003 -24"><span class='ocrx_word' id='word_1_203' title='bbox 315 3450 492 3516; x_wconf 78' lang='lat' dir='ltr'>ridentiarn</span> <span class='ocrx_word' id='word_1_204' title='bbox 515 3448 637 3514; x_wconf 89' lang='lat' dir='ltr'>habere</span> <span class='ocrx_word' id='word_1_205' title='bbox 660 3447 902 3530; x_wconf 88' lang='lat' dir='ltr'>refectorarius,</span> <span class='ocrx_word' id='word_1_206' title='bbox 926 3468 968 3513; x_wconf 91' lang='lat' dir='ltr'>ne</span> <span class='ocrx_word' id='word_1_207' title='bbox 991 3448 1034 3514; x_wconf 87' lang='lat' dir='ltr'>sit</span> <span class='ocrx_word' id='word_1_208' title='bbox 1049 3447 1246 3533; x_wconf 77' lang='lat' dir='ltr'>negligentia</span> <span class='ocrx_word' id='word_1_209' title='bbox 1269 3447 1397 3536; x_wconf 79' lang='lat' dir='ltr'>aliqua3</span> <span class='ocrx_word' id='word_1_210' title='bbox 1419 3450 1497 3535; x_wconf 83' lang='lat' dir='ltr'>quia</span> 
     </span>
     <span class='ocr_line' id='line_1_27' title="bbox 315 3553 1497 3640; baseline -0.001 -17"><span class='ocrx_word' id='word_1_211' title='bbox 315 3559 342 3623; x_wconf 89' lang='lat' dir='ltr'>si</span> <span class='ocrx_word' id='word_1_212' title='bbox 367 3556 475 3638; x_wconf 87' lang='lat' dir='ltr'>suerit,</span> <span class='ocrx_word' id='word_1_213' title='bbox 499 3576 597 3638; x_wconf 90' lang='lat' dir='ltr'>super</span> <span class='ocrx_word' id='word_1_214' title='bbox 620 3555 726 3640; x_wconf 73' lang='lat' dir='ltr'>ipsunt</span> <span class='ocrx_word' id='word_1_215' title='bbox 751 3556 865 3623; x_wconf 75' lang='lat' dir='ltr'>reniet.</span> <span class='ocrx_word' id='word_1_216' title='bbox 902 3554 944 3620; x_wconf 93' lang='lat' dir='ltr'>In</span> <span class='ocrx_word' id='word_1_217' title='bbox 960 3554 1060 3621; x_wconf 71' lang='lat' dir='ltr'>XII⁶¹</span> <span class='ocrx_word' id='word_1_218' title='bbox 1087 3553 1246 3623; x_wconf 85' lang='lat' dir='ltr'>lectiones</span> <span class='ocrx_word' id='word_1_219' title='bbox 1262 3555 1306 3623; x_wconf 86' lang='lat' dir='ltr'>ad</span> <span class='ocrx_word' id='word_1_220' title='bbox 1322 3557 1497 3624; x_wconf 82' lang='lat' dir='ltr'>servitores</span> 
     </span>
     <span class='ocr_line' id='line_1_28' title="bbox 316 3659 1497 3751; baseline 0.002 -22"><span class='ocrx_word' id='word_1_221' title='bbox 316 3685 393 3730; x_wconf 78' lang='lat' dir='ltr'>tuos</span> <span class='ocrx_word' id='word_1_222' title='bbox 423 3670 459 3727; x_wconf 90' lang='lat' dir='ltr'>ut</span> <span class='ocrx_word' id='word_1_223' title='bbox 490 3659 668 3727; x_wconf 82' lang='lat' dir='ltr'>secundum</span> <span class='ocrx_word' id='word_1_224' title='bbox 699 3683 805 3727; x_wconf 74' lang='lat' dir='ltr'>utores</span> <span class='ocrx_word' id='word_1_225' title='bbox 829 3661 979 3747; x_wconf 86' lang='lat' dir='ltr'>squillanr</span> <span class='ocrx_word' id='word_1_226' title='bbox 1004 3663 1199 3747; x_wconf 87' lang='lat' dir='ltr'>insonuerit,</span> <span class='ocrx_word' id='word_1_227' title='bbox 1223 3663 1403 3731; x_wconf 86' lang='lat' dir='ltr'>secundum</span> <span class='ocrx_word' id='word_1_228' title='bbox 1427 3663 1497 3751; x_wconf 87' lang='lat' dir='ltr'>pul·</span> 
     </span>
     <span class='ocr_line' id='line_1_29' title="bbox 316 3767 1499 3857; baseline 0.003 -22"><span class='ocrx_word' id='word_1_229' title='bbox 316 3776 476 3835; x_wconf 74' lang='lat' dir='ltr'>trientum:</span> <span class='ocrx_word' id='word_1_230' title='bbox 493 3767 678 3852; x_wconf 66' lang='lat' dir='ltr'>illexerint,</span> <span class='ocrx_word' id='word_1_231' title='bbox 696 3776 728 3835; x_wconf 90' lang='lat' dir='ltr'>et</span> <span class='ocrx_word' id='word_1_232' title='bbox 744 3770 812 3834; x_wconf 90' lang='lat' dir='ltr'>ictu</span> <span class='ocrx_word' id='word_1_233' title='bbox 828 3770 990 3854; x_wconf 87' lang='lat' dir='ltr'>percutiat</span> <span class='ocrx_word' id='word_1_234' title='bbox 1007 3768 1143 3836; x_wconf 81' lang='lat' dir='ltr'>scillam.</span> <span class='ocrx_word' id='word_1_235' title='bbox 1168 3768 1283 3837; x_wconf 88' lang='lat' dir='ltr'>Infans</span> <span class='ocrx_word' id='word_1_236' title='bbox 1299 3771 1327 3837; x_wconf 89' lang='lat' dir='ltr'>si</span> <span class='ocrx_word' id='word_1_237' title='bbox 1342 3792 1499 3857; x_wconf 80' lang='lat' dir='ltr'>praesens</span> 
     </span>
     <span class='ocr_line' id='line_1_30' title="bbox 316 3874 1497 3964; baseline 0.003 -24"><span class='ocrx_word' id='word_1_238' title='bbox 316 3876 414 3941; x_wconf 87' lang='lat' dir='ltr'>fuerit</span> <span class='ocrx_word' id='word_1_239' title='bbox 437 3876 491 3960; x_wconf 81' lang='lat' dir='ltr'>qui</span> <span class='ocrx_word' id='word_1_240' title='bbox 516 3897 589 3941; x_wconf 86' lang='lat' dir='ltr'>eum</span> <span class='ocrx_word' id='word_1_241' title='bbox 613 3875 678 3941; x_wconf 87' lang='lat' dir='ltr'>alio</span> <span class='ocrx_word' id='word_1_242' title='bbox 702 3876 790 3941; x_wconf 80' lang='lat' dir='ltr'>seuit</span> <span class='ocrx_word' id='word_1_243' title='bbox 813 3874 1001 3958; x_wconf 80' lang='lat' dir='ltr'>legendum,</span> <span class='ocrx_word' id='word_1_244' title='bbox 1027 3876 1169 3962; x_wconf 75' lang='lat' dir='ltr'>:accipiat</span> <span class='ocrx_word' id='word_1_245' title='bbox 1192 3875 1303 3942; x_wconf 86' lang='lat' dir='ltr'>fialam</span> <span class='ocrx_word' id='word_1_246' title='bbox 1327 3884 1362 3944; x_wconf 89' lang='lat' dir='ltr'>et</span> <span class='ocrx_word' id='word_1_247' title='bbox 1384 3885 1497 3964; x_wconf 70' lang='lat' dir='ltr'>protum</span> 
     </span>
     <span class='ocr_line' id='line_1_31' title="bbox 316 3981 1497 4069; baseline 0.003 -21"><span class='ocrx_word' id='word_1_248' title='bbox 316 3983 478 4069; x_wconf 88' lang='lat' dir='ltr'>propinet.</span> <span class='ocrx_word' id='word_1_249' title='bbox 526 3981 682 4067; x_wconf 86' lang='lat' dir='ltr'>lupriruis</span> <span class='ocrx_word' id='word_1_250' title='bbox 705 3982 914 4049; x_wconf 87' lang='lat' dir='ltr'>refectorario</span> <span class='ocrx_word' id='word_1_251' title='bbox 937 3990 1075 4048; x_wconf 66' lang='lat' dir='ltr'>maante</span> <span class='ocrx_word' id='word_1_252' title='bbox 1098 3982 1264 4068; x_wconf 78' lang='lat' dir='ltr'>squfltun,</span> <span class='ocrx_word' id='word_1_253' title='bbox 1288 3984 1316 4050; x_wconf 89' lang='lat' dir='ltr'>ai</span> <span class='ocrx_word' id='word_1_254' title='bbox 1337 3992 1420 4069; x_wconf 70' lang='lat' dir='ltr'>liner</span> <span class='ocrx_word' id='word_1_255' title='bbox 1442 3982 1497 4051; x_wconf 89' lang='lat' dir='ltr'>de·</span> 
     </span>
     <span class='ocr_line' id='line_1_32' title="bbox 316 4086 1498 4176; baseline 0.002 -21"><span class='ocrx_word' id='word_1_256' title='bbox 316 4089 425 4172; x_wconf 87' lang='lat' dir='ltr'>fuerit,</span> <span class='ocrx_word' id='word_1_257' title='bbox 449 4088 549 4156; x_wconf 88' lang='lat' dir='ltr'>faciat</span> <span class='ocrx_word' id='word_1_258' title='bbox 574 4091 643 4176; x_wconf 89' lang='lat' dir='ltr'>ipse</span> <span class='ocrx_word' id='word_1_259' title='bbox 668 4089 718 4156; x_wconf 82' lang='lat' dir='ltr'>rel</span> <span class='ocrx_word' id='word_1_260' title='bbox 741 4089 792 4154; x_wconf 84' lang='lat' dir='ltr'>rui</span> <span class='ocrx_word' id='word_1_261' title='bbox 816 4089 967 4154; x_wconf 76' lang='lat' dir='ltr'>anniterit</span> <span class='ocrx_word' id='word_1_262' title='bbox 990 4086 1031 4154; x_wconf 88' lang='lat' dir='ltr'>dc</span> <span class='ocrx_word' id='word_1_263' title='bbox 1047 4087 1269 4155; x_wconf 77' lang='lat' dir='ltr'>servitoribus.</span> <span class='ocrx_word' id='word_1_264' title='bbox 1304 4087 1498 4157; x_wconf 85' lang='lat' dir='ltr'>Meridianis</span> 
     </span>
    </p>
   </div>
   <div class='ocr_carea' id='block_1_7' title="bbox 316 4209 532 4218">
    <p class='ocr_par' dir='ltr' id='par_1_8' title="bbox 316 4209 532 4218">
     <span class='ocr_line' id='line_1_33' title="bbox 316 4209 532 4218; baseline -0.005 -1"><span class='ocrx_word' id='word_1_265' title='bbox 316 4209 532 4218; x_wconf 64' lang='grc' dir='ltr'><em>..υ-ο...-</em></span> 
     </span>
    </p>
   </div>
   <div class='ocr_carea' id='block_1_8' title="bbox 1557 4104 1598 4226">
    <p class='ocr_par' dir='ltr' id='par_1_9' title="bbox 1557 4104 1598 4226">
     <span class='ocr_line' id='line_1_34' title="bbox 1557 4104 1598 4194; baseline 0 -58"><span class='ocrx_word' id='word_1_266' title='bbox 1557 4104 1598 4194; x_wconf 40' lang='grc' dir='ltr'>θ’),</span> 
     </span>
     <span class='ocr_line' id='line_1_35' title="bbox 1562 4199 1570 4226; baseline 0 0"><span class='ocrx_word' id='word_1_267' title='bbox 1562 4199 1570 4226; x_wconf 90' lang='grc' dir='ltr'><em>Ι</em></span> 
     </span>
    </p>
   </div>
   <div class='ocr_carea' id='block_1_9' title="bbox 411 4229 1562 4320">
    <p class='ocr_par' dir='ltr' id='par_1_10' title="bbox 411 4229 1562 4320">
     <span class='ocr_line' id='line_1_36' title="bbox 411 4229 1562 4320; baseline 0.002 -16"><span class='ocrx_word' id='word_1_268' title='bbox 411 4253 430 4303; x_wconf 81' lang='lat' dir='ltr'>&#39;r</span> <span class='ocrx_word' id='word_1_269' title='bbox 449 4250 506 4305; x_wconf 86' lang='lat' dir='ltr'>Hoc</span> <span class='ocrx_word' id='word_1_270' title='bbox 526 4250 644 4320; x_wconf 72' lang='lat' dir='ltr'>intelligi</span> <span class='ocrx_word' id='word_1_271' title='bbox 663 4248 744 4305; x_wconf 85' lang='lat' dir='ltr'>debet</span> <span class='ocrx_word' id='word_1_272' title='bbox 762 4247 797 4304; x_wconf 85' lang='lat' dir='ltr'>de</span> <span class='ocrx_word' id='word_1_273' title='bbox 814 4247 932 4316; x_wconf 84' lang='lat' dir='ltr'>capitulo</span> <span class='ocrx_word' id='word_1_274' title='bbox 952 4249 1067 4304; x_wconf 82' lang='lat' dir='ltr'>Sanctae</span> <span class='ocrx_word' id='word_1_275' title='bbox 1085 4248 1224 4319; x_wconf 77' lang='lat' dir='ltr'>Ragrdae,</span> <span class='ocrx_word' id='word_1_276' title='bbox 1250 4248 1323 4319; x_wconf 82' lang='lat' dir='ltr'>qnod</span> <span class='ocrx_word' id='word_1_277' title='bbox 1340 4235 1502 4306; x_wconf 78' lang='lat' dir='ltr'>inscrinitur</span> <span class='ocrx_word' id='word_1_278' title='bbox 1559 4229 1562 4238; x_wconf 46' lang='lat'><strong><em>¹</em></strong></span> 
     </span>
    </p>
   </div>
   <div class='ocr_carea' id='block_1_10' title="bbox 318 4336 1499 4765">
    <p class='ocr_par' dir='ltr' id='par_1_11' title="bbox 318 4336 1499 4588">
     <span class='ocr_line' id='line_1_37' title="bbox 318 4336 1499 4410; baseline 0.003 -16"><span class='ocrx_word' id='word_1_279' title='bbox 318 4340 377 4409; x_wconf 82' lang='lat' dir='ltr'>,De</span> <span class='ocrx_word' id='word_1_280' title='bbox 395 4339 535 4394; x_wconf 85' lang='lat' dir='ltr'>cellerario</span> <span class='ocrx_word' id='word_1_281' title='bbox 553 4338 728 4396; x_wconf 72' lang='lat' dir='ltr'>monasterii*</span> <span class='ocrx_word' id='word_1_282' title='bbox 748 4338 830 4407; x_wconf 81' lang='lat' dir='ltr'>(Reg.</span> <span class='ocrx_word' id='word_1_283' title='bbox 848 4340 874 4390; x_wconf 73' lang='lat' dir='ltr'>S.</span> <span class='ocrx_word' id='word_1_284' title='bbox 893 4336 995 4392; x_wconf 87' lang='lat' dir='ltr'>Bened.</span> <span class='ocrx_word' id='word_1_285' title='bbox 1013 4354 1071 4407; x_wconf 85' lang='lat' dir='ltr'>cap.</span> <span class='ocrx_word' id='word_1_286' title='bbox 1090 4337 1203 4404; x_wconf 79' lang='lat' dir='ltr'><strong>XXXI).</strong></span> <span class='ocrx_word' id='word_1_287' title='bbox 1222 4337 1303 4394; x_wconf 87' lang='lat' dir='ltr'>Ournl</span> <span class='ocrx_word' id='word_1_288' title='bbox 1321 4354 1436 4410; x_wconf 77' lang='lat' dir='ltr'>namque</span> <span class='ocrx_word' id='word_1_289' title='bbox 1454 4339 1499 4397; x_wconf 80' lang='lat' dir='ltr'>dic</span> 
     </span>
     <span class='ocr_line' id='line_1_38' title="bbox 318 4426 1499 4500; baseline 0.001 -17"><span class='ocrx_word' id='word_1_290' title='bbox 318 4434 380 4498; x_wconf 84' lang='lat' dir='ltr'>post</span> <span class='ocrx_word' id='word_1_291' title='bbox 399 4427 518 4483; x_wconf 84' lang='lat' dir='ltr'>l’rirnaur</span> <span class='ocrx_word' id='word_1_292' title='bbox 536 4428 685 4498; x_wconf 82' lang='lat' dir='ltr'>capitulum</span> <span class='ocrx_word' id='word_1_293' title='bbox 712 4428 850 4497; x_wconf 79' lang='lat' dir='ltr'>integrum</span> <span class='ocrx_word' id='word_1_294' title='bbox 868 4442 916 4482; x_wconf 87' lang='lat' dir='ltr'>sen</span> <span class='ocrx_word' id='word_1_295' title='bbox 934 4426 1026 4495; x_wconf 80' lang='lat' dir='ltr'>aliqua</span> <span class='ocrx_word' id='word_1_296' title='bbox 1043 4443 1106 4497; x_wconf 80' lang='lat' dir='ltr'>pars</span> <span class='ocrx_word' id='word_1_297' title='bbox 1124 4427 1237 4497; x_wconf 83' lang='lat' dir='ltr'>capituli</span> <span class='ocrx_word' id='word_1_298' title='bbox 1256 4432 1369 4484; x_wconf 70' lang='lat' dir='ltr'>undae</span> <span class='ocrx_word' id='word_1_299' title='bbox 1386 4428 1499 4500; x_wconf 65' lang='lat' dir='ltr'>nguine</span> 
     </span>
     <span class='ocr_line' id='line_1_39' title="bbox 318 4514 1346 4588; baseline 0.002 -15"><span class='ocrx_word' id='word_1_300' title='bbox 318 4518 346 4573; x_wconf 91' lang='lat' dir='ltr'>iu</span> <span class='ocrx_word' id='word_1_301' title='bbox 365 4517 538 4572; x_wconf 83' lang='lat' dir='ltr'>monasteriis</span> <span class='ocrx_word' id='word_1_302' title='bbox 556 4518 612 4587; x_wconf 77' lang='lat' dir='ltr'>legi</span> <span class='ocrx_word' id='word_1_303' title='bbox 631 4519 710 4586; x_wconf 87' lang='lat' dir='ltr'>solet,</span> <span class='ocrx_word' id='word_1_304' title='bbox 728 4516 769 4573; x_wconf 88' lang='lat' dir='ltr'>ita</span> <span class='ocrx_word' id='word_1_305' title='bbox 788 4521 820 4572; x_wconf 89' lang='lat' dir='ltr'>nt</span> <span class='ocrx_word' id='word_1_306' title='bbox 838 4522 881 4571; x_wconf 89' lang='lat' dir='ltr'>ter</span> <span class='ocrx_word' id='word_1_307' title='bbox 899 4514 927 4571; x_wconf 90' lang='lat' dir='ltr'>iu</span> <span class='ocrx_word' id='word_1_308' title='bbox 945 4532 1016 4570; x_wconf 86' lang='lat' dir='ltr'>anno</span> <span class='ocrx_word' id='word_1_309' title='bbox 1034 4521 1095 4571; x_wconf 80' lang='lat' dir='ltr'>tota</span> <span class='ocrx_word' id='word_1_310' title='bbox 1113 4516 1209 4587; x_wconf 73' lang='lat' dir='ltr'>regula</span> <span class='ocrx_word' id='word_1_311' title='bbox 1227 4516 1346 4588; x_wconf 70' lang='lat' dir='ltr'>legatur.</span> 
     </span>
    </p>

    <p class='ocr_par' dir='ltr' id='par_1_12' title="bbox 408 4602 996 4677">
     <span class='ocr_line' id='line_1_40' title="bbox 408 4602 996 4677; baseline 0 -19"><span class='ocrx_word' id='word_1_312' title='bbox 408 4603 431 4672; x_wconf 71' lang='lat' dir='ltr'>&#39;r</span> <span class='ocrx_word' id='word_1_313' title='bbox 449 4605 480 4659; x_wconf 84' lang='lat' dir='ltr'>In</span> <span class='ocrx_word' id='word_1_314' title='bbox 500 4611 579 4662; x_wconf 81' lang='lat' dir='ltr'>textu</span> <span class='ocrx_word' id='word_1_315' title='bbox 597 4606 702 4677; x_wconf 73' lang='lat' dir='ltr'>legitur</span> <span class='ocrx_word' id='word_1_316' title='bbox 720 4605 811 4675; x_wconf 81' lang='lat' dir='ltr'>,potio</span> <span class='ocrx_word' id='word_1_317' title='bbox 830 4620 863 4675; x_wconf 85' lang='lat' dir='ltr'>pr</span> <span class='ocrx_word' id='word_1_318' title='bbox 880 4604 943 4660; x_wconf 79' lang='lat' dir='ltr'>net⁸⁴</span> <span class='ocrx_word' id='word_1_319' title='bbox 959 4602 996 4670; x_wconf 71' lang='lat' dir='ltr'>(t)</span> 
     </span>
    </p>

    <p class='ocr_par' dir='ltr' id='par_1_13' title="bbox 410 4691 760 4765">
     <span class='ocr_line' id='line_1_41' title="bbox 410 4691 760 4765; baseline 0 -17"><span class='ocrx_word' id='word_1_320' title='bbox 410 4691 432 4761; x_wconf 84' lang='lat'>⁸)</span> <span class='ocrx_word' id='word_1_321' title='bbox 452 4694 482 4749; x_wconf 85' lang='lat' dir='ltr'>[n</span> <span class='ocrx_word' id='word_1_322' title='bbox 502 4700 593 4750; x_wconf 76' lang='lat' dir='ltr'>textit:</span> <span class='ocrx_word' id='word_1_323' title='bbox 614 4693 760 4765; x_wconf 53' lang='lat' dir='ltr'>,fratrent</span> 
     </span>
    </p>
   </div>
   <div class='ocr_carea' id='block_1_11' title="bbox 0 0 1920 5375">
    <p class='ocr_par' dir='ltr' id='par_1_14' title="bbox 0 0 1920 5375">
     <span class='ocr_line' id='line_1_42' title="bbox 0 0 1920 5375; baseline 0 0"><span class='ocrx_word' id='word_1_324' title='bbox 0 0 1920 5375; x_wconf 95' lang='lat' dir='ltr'> </span> 
     </span>
    </p>
   </div>
  </div>
 </body>
</html>
