3792 5375
865 439 1086 501 „10-

382 655 465 698 unus
489 632 530 699 de
554 628 779 698 sacerdotibus
803 636 913 715 portet
934 630 1112 697 incensum.
1156 627 1309 698 Secunda
1330 636 1493 698 nocturna
1513 628 1560 696 lo·

381 748 500 823 gantur
524 757 689 804 sermones
718 744 860 822 patrum.
906 735 963 802 Ad
993 742 1145 802 octavum
1175 735 1413 822 responsorium
1444 757 1560 803 accen·
1653 772 1655 776 ·

383 844 504 911 dantur
525 845 576 923 he,
600 864 685 929 quae
707 849 783 909 sunt
807 865 905 928 super
916 843 1144 928 philacterium
1161 851 1194 909 et
1214 864 1297 929 qnae
1312 851 1389 910 anto
1404 843 1456 911 vel
1471 851 1561 909 retro

382 959 456 1017 sunt
480 950 604 1018 altaris.
660 949 892 1034 Evangelinm,
928 954 968 1016 ln
983 954 1152 1037 principio
1174 965 1251 1019 erat
1271 943 1458 1018 cortrone>
1504 949 1560 1016 Ad

383 1065 449 1124 tres
477 1057 634 1124 lectiones
657 1078 729 1122 cnm
753 1056 955 1140 evangelium
978 1057 1117 1142 deniqne
1151 1057 1440 1144 pro][nuntiatnm
1464 1056 1562 1124 fuant

382 1163 640 1249 discooperiatur
652 1184 753 1229 aurea
769 1161 883 1229 tabula
898 1185 971 1229 cnm
988 1163 1060 1229 aliis
1075 1164 1286 1243 ornamentis,
1303 1185 1387 1250 quae
1403 1185 1502 1250 super
1511 1163 1560 1250 ip·

382 1293 451 1336 snm
468 1270 573 1337 altare
589 1278 745 1355 cooptata
760 1279 847 1338 sunt.
871 1270 985 1337 Lectio
996 1270 1127 1351 xnus,
1146 1273 1234 1351 Quia
1246 1273 1410 1358 largiente
1421 1275 1560 1338 doarino.

382 1377 464 1444 Post
486 1378 703 1463 expletionem
726 1377 901 1444 lectionum
908 1425 917 1460 ,
948 1378 1147 1461 evangelium
1170 1376 1299 1464 legatur
1320 1377 1404 1445 liber
1425 1397 1561 1461 genera·

381 1484 497 1568 tionis3
519 1484 636 1565 oratio,
658 1487 751 1552 Dens
774 1489 834 1572 qni
851 1488 947 1554 harre.
993 1484 1035 1550 In
1058 1483 1120 1550 hac
1142 1484 1226 1552 hora
1249 1484 1341 1569 signa
1363 1505 1429 1552 non
1451 1483 1562 1570 pulsa·
1605 1522 1607 1526 ·

330 1604 334 1611 ’
381 1589 512 1660 buntur.
551 1589 618 1657 Sed
641 1592 752 1657 statim
775 1600 811 1657 ut
835 1590 999 1677 expletum
1023 1590 1121 1659 iurent
1136 1591 1302 1678 deponant
1317 1591 1464 1659 conversi
1485 1611 1562 1657 can·

381 1696 519 1764 delubra
541 1706 575 1764 st
597 1696 739 1763 infantes
761 1719 802 1764 ea
826 1698 990 1784 accipiant
1012 1720 1085 1766 cnm
1108 1699 1315 1784 responsorio
1335 1698 1561 1780 decantantes,

384 1805 586 1891 Omagnam
602 1806 792 1888 nestorium
816 1803 867 1871 rel
891 1807 1016 1872 Sancto
1031 1818 1064 1872 et
1077 1809 1292 1873 i'mmacula'ta
1315 1805 1359 1871 ad
1381 1803 1562 1872 oratorium

382 1917 494 1978 macte
519 1911 653 1978 mariae.
700 1911 784 1977 'l'nm
808 1911 962 1979 sacerdos
984 1911 1074 1978 dicat
1099 1912 1302 1993 versiculum,
1327 1915 1409 1980 Post
1422 1924 1563 1999 partum

312 2011 315 2015 ’
382 2024 491 2105 virgo,
514 2018 565 2086 rel
589 2021 769 2087 Benedicta
787 2034 833 2088 tu.
880 2022 1042 2087 Dominus
1058 2022 1235 2098 vobiscum,
1259 2019 1377 2103 oratio,
1396 2021 1490 2086 Dens
1505 2022 1566 2103 qui

384 2129 497 2193 beatae
534 2131 665 2193 istoriae
699 2127 846 2212 virgini's
872 2139 1011 2212 portam
1040 2129 1120 2194 sine.
1175 2125 1258 2193 Post
1286 2126 1465 2193 matutinas
1496 2146 1564 2193 orn·

382 2233 471 2298 nium
501 2239 691 2298 sanctornm
721 2238 754 2299 et
789 2235 898 2300 Verba
926 2256 998 2299 mm
1029 2231 1073 2298 ibi
1105 2239 1258 2299 cantatas
1287 2240 1364 2299 eant
1385 2232 1420 2298 in
1443 2230 1564 2300 dormi·

383 2339 512 2421 torinm,
535 2339 590 2424 qui
613 2360 747 2406 necesse
770 2338 904 2405 habent
951 2338 1079 2406 Deinde
1103 2339 1199 2406 detur
1221 2339 1363 2425 spatium
1394 2346 1427 2406 ot
1448 2336 1564 2405 famuli

383 2444 491 2512 focum
524 2445 670 2513 habeant
704 2446 959 2532 paratum...¹)
991 2447 1025 2513 in
1055 2446 1195 2533 coquina
1224 2453 1258 2512 et
1285 2447 1319 2512 in
1348 2446 1445 2513 domo
1474 2443 1563 2511 infir·

383 2573 520 2636 morum,
543 2559 581 2618 nt
602 2551 751 2619 arantes
774 2573 890 2620 manns
919 2560 953 2620 et
982 2552 1084 2620 sacies
1113 2552 1233 2620 fratres
1259 2559 1498 2639 praeparentur
1520 2549 1564 2618 ad

384 2659 527 2727 missam.
572 2657 724 2729 Infantes
747 2667 858 2728 antem
881 2682 993 2728 omnes
1023 2661 1201 2728 secundnm
1230 2659 1497 2728 consuetudinem
1521 2656 1565 2726 ad

384 2766 538 2834 latrinam
560 2773 734 2853 pergentes
756 2768 790 2833 in
814 2768 984 2853 coquinam
1009 2774 1097 2851 eant,
1120 2769 1155 2834 in
1178 2789 1245 2855 qna
1265 2767 1373 2834 focum
1397 2766 1581 2854 inveniant,

385 2894 406 2940 a
435 2872 583 2958 famulis,
618 2895 700 2959 qnos
723 2873 769 2940 ibi
798 2874 1000 2941 invenientes
1030 2881 1177 2959 paratos,
1206 2873 1358 2941 videlicet
1387 2893 1508 2960 aquam
1531 2880 1566 2940 et

385 2981 589 3065 manutergia
618 2987 768 3047 tenentes
791 2980 825 3047 in
847 2979 1015 3063 manibus,
1044 2980 1157 3047 larunt
1183 3002 1300 3048 manus
1331 2988 1364 3048 et
1385 2979 1498 3063 facies,
1527 2986 1566 3046 ut

385 3094 518 3173 praesto
534 3088 609 3153 sint.
641 3084 782 3153 Tamdiu
805 3087 851 3154 ibi
875 3108 910 3154 sc
933 3086 1054 3154 debent
1068 3085 1222 3171 infantes,
1247 3108 1349 3173 nsque
1364 3086 1408 3153 ad
1423 3086 1565 3154 sonitum

386 3194 469 3279 signi
492 3193 571 3261 hore
592 3193 712 3260 missae
735 3201 768 3260 et
791 3195 956 3261 uenientes
978 3196 1126 3261 oratione
1149 3193 1239 3261 sacta
1261 3200 1500 3280 praeparentur
1521 3190 1566 3259 ad

386 3322 524 3367 sacram.
569 3300 646 3368 Duo
677 3299 796 3367 fratres
826 3301 893 3366 sint
920 3300 955 3366 in
985 3300 1097 3387 cappis
1126 3300 1169 3367 ad
1199 3299 1351 3370 osticium.
1402 3297 1566 3368 Sacerdos

387 3408 565 3473 vestiantur
587 3406 664 3473 alba
691 3406 734 3473 ab
764 3429 845 3473 auro
875 3415 993 3475 ornata
1022 3413 1056 3473 et
1085 3407 1185 3474 levita
1214 3407 1247 3474 in
1277 3406 1456 3474 dalmatica
1484 3426 1566 3473 auro

386 3521 488 3580 texta.
541 3513 619 3582 Duo
653 3515 799 3580 conuersi
834 3513 878 3580 ad
913 3513 1127 3597 candelabra,
1157 3508 1273 3581 tertius
1302 3512 1345 3580 ad
1379 3511 1566 3582 turibulum.

386 3619 536 3686 Infantes
558 3641 670 3687 omnes
692 3620 726 3686 in
755 3619 840 3687 albis
870 3620 935 3686 duo
965 3643 1004 3688 ex
1034 3621 1114 3706 ipsis
1143 3622 1177 3687 in
1210 3621 1337 3704 tonicis,
1371 3641 1459 3688 nnus
1491 3640 1566 3706 pro·

386 3726 541 3812 photium,
565 3726 651 3794 alter
673 3726 845 3813 epistolam
870 3726 969 3811 legat.
1014 3726 1179 3814 Quattuor
1201 3733 1352 3795 cantores
1374 3727 1566 3807 restitmtur,

388 3854 525 3917 quorum
555 3832 621 3901 duo
655 3834 896 3918 responsorium
924 3841 958 3900 et
988 3834 1053 3902 duo
1081 3834 1136 3900 alii
1166 3834 1222 3919 qui
1253 3840 1387 3901 cantent
1415 3835 1566 3921 alleluja.

388 3939 507 4007 Cuncti
523 3940 678 4023 seniores,
695 3942 729 4007 in
744 3940 834 4007 broii
851 3941 1021 4027 perscripti
1037 3941 1112 4007 huic
1127 3941 1246 4009 missae
1265 3947 1429 4028 parentes,
1452 3940 1568 4027 cappis

388 4044 577 4128 induantur,
592 4067 659 4115 non
675 4046 779 4114 solnm
795 4053 957 4132 cantores,
981 4047 1152 4115 sedetiam
1168 4055 1236 4115 tres
1250 4048 1434 4129 servitores,
1457 4047 1567 4115 omnia

389 4153 482 4237 signa
513 4151 693 4237 pulsentur.
736 4152 910 4234 Sacerdos,
946 4156 1063 4222 Gloria
1097 4156 1131 4223 ia
1164 4156 1301 4223 excelsis
1323 4159 1396 4225 Deo
1427 4161 1567 4242 promat,

389 4280 472 4326 uinus
495 4257 624 4342 offerat,
646 4280 713 4325 una
735 4261 884 4327 mittatur
906 4260 1025 4344 hostia,
1048 4282 1132 4327 nnus
1147 4281 1262 4346 pacem
1278 4262 1431 4348 accipiat.
1461 4259 1568 4328 Missa

390 4373 525 4450 peracta
558 4365 618 4432 fiat
649 4365 874 4451 intervallum,
913 4388 1081 4453 quousque
1120 4367 1210 4434 exuti
1245 4375 1337 4451 sunt,
1372 4368 1428 4454 qni
1461 4367 1567 4453 ipsam

480 4595 503 4666 ⁸)
522 4595 637 4652 Rasum.
673 4597 706 4652 ln
724 4595 783 4668 ipsa
800 4596 905 4668 legitur
922 4595 1083 4668 ,noane
