3792 5375
965 415 1205 479 -192-

632 633 733 706 ltem.
790 630 895 705 Alius
924 630 1012 705 orde
1040 629 1086 703 ad
1114 628 1293 703 infirmum
1321 627 1541 726 ungendum.

588 807 661 886 LV.
692 804 728 873 Si
753 806 826 893 quis
848 805 986 888 lrater¹)
1008 806 1203 872 constrictus
1224 802 1324 871 luerit
1346 801 1389 869 ab
1410 801 1613 883 infirmitate,
1636 809 1675 870 ut

499 934 630 981 necesse
653 913 695 978 sit
717 911 790 980 eleo
814 920 928 978 sancte
952 912 1103 997 perungi,
1134 910 1231 978 debet
1254 917 1364 978 eustos
1386 909 1588 976 infirmorum
1611 908 1676 978 hee

427 1067 429 1071 ψ
498 1021 649 1087 intimare
665 1019 776 1087 abbati
794 1019 843 1086 rel
859 1019 969 1104 priori,
994 1019 1021 1085 si
1045 1017 1147 1084 abbas
1163 1040 1225 1084 neu
1243 1016 1348 1083 adest
1383 1015 1481 1104 Quod
1504 1017 1533 1083 si
1557 1016 1675 1084 viderit

500 1128 588 1211 prior
603 1148 735 1194 neeesse
750 1147 831 1206 esse,
847 1126 937 1193 dieat
953 1127 985 1192 in
1001 1132 1160 1193 conventu
1177 1124 1324 1191 fratrum.
1355 1123 1417 1191 Ille
1433 1143 1510 1190 sere
1526 1122 1675 1192 infirmus

499 1234 525 1300 si
544 1241 671 1300 tantam
686 1234 837 1300 uirtutem
861 1232 1022 1316 habuerit,
1046 1238 1083 1299 ut
1104 1231 1271 1298 ambulare
1293 1231 1406 1317 pessit,
1429 1228 1474 1297 ab
1497 1251 1562 1296 une
1586 1230 1673 1299 side·

500 1341 591 1424 licet,
627 1343 692 1407 sire
722 1362 743 1407 a
772 1339 898 1405 duobus
927 1339 1084 1406 fratribus
1114 1346 1332 1421 sustentatus,
1367 1337 1466 1405 debet
1500 1337 1610 1406 venire
1639 1339 1673 1404 in

499 1447 676 1533 capitulum
706 1454 740 1514 et
769 1454 954 1532 prostratus
983 1467 1092 1514 ceram
1121 1444 1240 1512 abbate
1270 1453 1304 1510 et
1337 1443 1486 1511 omnibus
1515 1442 1675 1513 iratribus

499 1563 590 1640 petat
605 1555 731 1621 reniam
747 1554 788 1621 de
803 1553 953 1621 ersrnibus
970 1552 1172 1638 negligentiis
1187 1560 1220 1618 et
1235 1551 1390 1637 peccatis,
1405 1572 1490 1638 quae
1502 1552 1674 1636 commisit,

498 1672 531 1728 et
554 1661 635 1728 data
657 1660 861 1728 absolutione
879 1659 1234 1745 p1·0steruatseabbas
1250 1666 1284 1725 et
1299 1680 1410 1726 ornnes
1425 1658 1546 1726 lrutree
1561 1680 1674 1727 eoram

499 1768 555 1835 ille
589 1769 689 1834 lretre
722 1776 872 1852 petentes
906 1767 1048 1850 reniam,
1083 1766 1111 1834 si
1145 1767 1215 1852 quit
1252 1765 1362 1833 delicti
1396 1771 1513 1833 contre
1522 1765 1547 1851 ¹)
1581 1764 1674 1833 illum

498 1875 736 1958 commiserunt,
760 1881 797 1940 ut
811 1874 866 1941 ille
881 1873 986 1940 lruter
1000 1873 1235 1940 absolutionem
1251 1872 1400 1940 similiter
1414 1872 1457 1939 ad
1472 1871 1546 1939 illes
1561 1872 1673 1943 saciet.

498 1981 574 2069 Qua
602 1981 681 2048 data
709 1981 811 2047 lmter
839 1980 894 2046 ille
924 1979 1127 2048 absolutione
1155 1987 1338 2046 revertatur
1359 1978 1402 2046 ed
1424 1978 1546 2046 lectum
1568 2000 1674 2063 suum,

499 2088 618 2155 fratres
647 2110 723 2153 sere
752 2109 825 2154 cum
854 2087 993 2155 exierint
1022 2086 1063 2155 de
1093 2085 1236 2171 capitulo
1266 2094 1405 2172 pergant
1434 2084 1530 2153 simul
1560 2108 1674 2155 amnes

498 2195 531 2261 in
562 2195 715 2280 majorem
745 2193 929 2276 ecelesiam,
965 2193 992 2257 sl
1023 2204 1150 2279 tempus
1182 2192 1338 2280 loquendi
1370 2192 1404 2259 in
1433 2191 1578 2259 claustro
1606 2214 1674 2262 nen

498 2301 610 2383 luerit,
640 2301 805 2369 cantando
833 2300 993 2387 psalmes,
1024 2301 1079 2385 qui
1107 2307 1182 2386 post
1210 2299 1389 2388 capitulum
1418 2298 1549 2367 (deendi
1580 2307 1674 2386 sunt3

497 2409 626 2475 interea
648 2408 724 2475 dum
747 2416 880 2475 cantent
903 2406 1047 2492 psalmos
1069 2407 1103 2474 in
1118 2408 1228 2488 choro,
1251 2413 1286 2475 et
1300 2407 1454 2474 revestiat
1469 2428 1506 2474 se
1520 2406 1675 2475 sacerdes

498 2515 749 2582 ebdomadarius
778 2515 811 2582 in
842 2512 919 2582 alba
948 2513 1067 2581 stolam
1089 2512 1190 2581 abens
1213 2513 1257 2579 ad
1280 2512 1398 2581 collum
1422 2520 1456 2581 et
1477 2514 1676 2582 secretarius

498 2630 673 2710 praeparet
701 2621 869 2690 urceolum
898 2643 971 2689 cum
1001 2642 1088 2708 equa
1116 2619 1290 2689 benedicta
1319 2628 1352 2687 et
1374 2641 1521 2704 emicem,
1551 2629 1587 2689 et
1609 2620 1676 2690 dne

498 2729 713 2814 candelabra,
747 2738 780 2797 et
815 2729 991 2817 ampullam
1026 2751 1098 2796 euru
1129 2728 1201 2798 eleo
1236 2737 1352 2796 sancte
1385 2735 1419 2795 et
1452 2736 1594 2817 pergant
1627 2730 1676 2797 its

498 2858 609 2905 omnes
637 2833 667 2928 ][
694 2837 819 2923 pariter
848 2835 891 2902 ad
921 2835 1083 2903 infirmum
1112 2834 1325 2920 visitandum,
1357 2835 1424 2904 eise
1452 2836 1675 2922 inungendum

499 2942 663 3011 cautando
691 2942 861 3028 psalmum,
897 2946 1058 3012 ,llismre
1090 2948 1155 3011 mei
1183 2946 1284 3024 Deus,
1318 2965 1383 3030 que
1412 2941 1544 3028 explete
1574 2942 1675 3026 diest,

500 3055 613 3135 Kyria
658 3054 761 3119 Pater
782 3063 900 3118 noster.
938 3054 985 3118 Et
1004 3071 1044 3119 ne
1066 3073 1132 3118 nos.
1170 3052 1313 3119 Salvum
1325 3053 1394 3137 sac
1415 3072 1549 3118 serram
1572 3063 1674 3119 tuum.

500 3162 596 3226 ⁴llr‘tle
618 3163 650 3226 τί
670 3160 807 3225 denelae.
852 3158 1060 3244 Omm'potrss
1074 3157 1371 3243 scrrrpitrrne'deus,
1395 3158 1453 3244 qui
1460 3169 1527 3244 per
1545 3160 1674 3225 drumm

498 3267 679 3353 apostolam
702 3281 793 3332 terrem
815 3266 943 3333 rixati.

719 3481 883 3572 Qualiter
912 3479 959 3554 ad
988 3479 1123 3555 exitum
1151 3478 1293 3555 animae
1321 3488 1459 3577 agatur.

588 3656 680 3726 LVI.
715 3655 796 3723 Mox
820 3666 853 3722 ut
877 3655 988 3722 anima
1010 3654 1054 3722 ad
1077 3654 1197 3722 exitum
1220 3652 1456 3740 propinquasse

500 3766 568 3831 sisa
590 3764 696 3844 luerit,
719 3761 1006 3831 communicandus
1028 3769 1078 3829 est
1100 3761 1196 3828 home
1217 3762 1288 3846 ipae
1311 3780 1446 3846 corpere
1469 3769 1502 3828 et
1517 3761 1677 3849 sangnine
1707 3803 1712 3811 ·

500 3871 639 3954 domini,
669 3870 796 3936 etiamsi
824 3870 896 3955 ipsa
925 3867 978 3934 die
1001 3867 1193 3952 comederit,
1223 3868 1302 3954 quia
1323 3867 1396 3953 ipse
1419 3868 1678 3935 communisset
1750 3937 1756 3946 ,

500 3980 529 4045 ei
553 3977 596 4044 ad
620 3976 818 4063 adjuterium
841 3985 956 4042 centra
979 3974 1145 4042 diabolum
1167 3983 1200 4042 et
1222 3974 1359 4042 iusidias
1380 3973 1460 4062 ejus.
1507 3972 1544 4043 Si
1567 3981 1677 4041 eutem

501 4084 656 4171 quiddam
680 4083 896 4170 supervixerit
918 4081 1075 4167 legendae
1097 4089 1173 4149 sunt
1193 4081 1381 4169 passiones,
1412 4089 1530 4167 egetur
1551 4079 1678 4148 letanie

501 4191 542 4259 ab
565 4191 715 4259 omnibus
743 4212 804 4277 pre
830 4190 904 4275 ipsa
930 4189 1050 4270 anima,
1081 4189 1294 4256 decantentur
1315 4186 1433 4275 psalmi
1455 4194 1490 4255 et
1512 4185 1677 4255 eelebren-

500 4307 555 4366 tur
583 4300 747 4366 0ruti0nes
770 4298 911 4378 intente,
941 4305 974 4363 et
997 4295 1109 4362 arnruli
1132 4294 1185 4361 die
1206 4303 1370 4381 noctuque
1393 4292 1582 4362 custodient
1602 4314 1678 4362 eum

500 4414 531 4471 et
562 4405 740 4490 aspiciatur
768 4405 838 4471 sine
867 4403 1105 4471 intermissione
1133 4409 1202 4468 tam
1230 4400 1272 4469 ab
1295 4401 1374 4487 ipsis
1397 4420 1496 4488 quam
1519 4422 1542 4467 s
1564 4397 1677 4482 lrstre,

574 4533 746 4652 5>st
