3792 5375
919 623 1163 688 -lea-

453 816 622 884 etl'undaut
651 818 743 903 operi
770 816 845 883 huie
872 817 1033 886 instituta
1088 817 1177 884 Nam
1208 815 1235 883 si
1265 818 1338 903 quis
1368 837 1452 882 riuus
1483 814 1633 895 lratnrm,

452 923 603 990 oblivioni
635 931 692 989 arat
721 923 947 1009 neglegentiae
970 923 1115 1005 deditus,
1140 944 1200 990 sira
1223 922 1389 990 distulerit
1411 921 1491 1012 inibi
1513 940 1635 1007 ponere

452 1031 644 1096 uestimenta
674 1038 798 1095 statuto
828 1038 992 1116 ternpore,
1022 1029 1208 1097 nullatenus
1238 1029 1336 1097 aliter
1364 1028 1577 1111 lambuntur,
1601 1034 1635 1094 et

451 1137 512 1201 nisi
537 1138 626 1222 prius
650 1145 801 1220 suggerat
825 1137 1033 1220 granatario,
1064 1158 1129 1203 uon
1152 1146 1260 1223 potest
1286 1135 1455 1223 perficere.
1501 1133 1538 1202 Si
1561 1135 1634 1221 quis

451 1264 511 1309 sua
541 1242 675 1309 abluere
705 1242 843 1308 soluerit
874 1244 1086 1326 vestimenta,
1110 1243 1234 1330 absque
1256 1242 1510 1330 reprehensione
1533 1239 1636 1308 faeiat

450 1349 512 1416 hoo
544 1347 655 1415 modo:
687 1370 753 1435 qua
786 1350 863 1416 uelit
898 1349 1051 1417 feriarum
1085 1350 1148 1433 die,
1184 1373 1259 1417 mox
1293 1359 1328 1416 ut
1359 1348 1561 1417 offerendum
1592 1347 1635 1415 ad

451 1457 582 1522 missam
613 1455 840 1522 matutinalem
869 1454 991 1523 laetam
1020 1456 1189 1539 babuerit,
1220 1464 1274 1524 eat
1297 1466 1331 1525 et
1354 1457 1484 1523 deferat
1505 1456 1539 1522 in
1562 1454 1636 1522 loco

451 1564 628 1629 constituto
652 1564 686 1628 in
709 1562 853 1629 elaustro
876 1573 908 1630 et
931 1562 978 1629 ibi
1001 1573 1142 1649 coaptet,
1166 1572 1199 1631 et
1222 1571 1300 1630 tuoe
1323 1570 1440 1650 pergat
1469 1563 1502 1629 ia
1526 1561 1636 1647 coqui·

450 1690 524 1735 nam
549 1677 581 1735 et
606 1671 714 1735 auriol
738 1691 777 1735 ex
801 1691 915 1736 raume
939 1670 1085 1756 capitelli
1108 1680 1140 1737 et
1164 1669 1350 1756 calefaciat,
1373 1691 1441 1758 qua
1463 1669 1576 1736 statim
1598 1674 1637 1734 ut

450 1777 626 1844 surrexerit
667 1776 708 1844 de
750 1777 894 1864 capitulo
936 1786 1068 1863 pergat,
1110 1786 1210 1864 atque
1251 1776 1338 1863 quod
1371 1777 1402 1844 ei
1446 1799 1528 1864 opus
1573 1781 1635 1856 est,

450 1892 613 1969 operetur.
675 1882 732 1950 sie
769 1905 847 1968 ergo
885 1892 935 1950 est
970 1883 1149 1969 agendum,
1184 1888 1221 1951 ut
1255 1883 1372 1971 quibus
1411 1884 1477 1950 oris
1515 1880 1637 1949 iratres

450 1989 572 2056 radunt
595 1989 790 2056 lectionibus
814 1990 864 2057 rel
888 1992 921 2056 io
945 1989 1089 2057 claustro
1112 1999 1241 2077 tempus
1263 1989 1502 2076 loquendinec
1526 1987 1636 2071 fuerit,

450 2095 483 2162 id
507 2117 604 2181 agere
627 2119 692 2164 noo
715 2106 915 2183 praesumat.
964 2096 1104 2163 Pedules
1128 2105 1239 2164 autem
1262 2097 1484 2183 unusquisque
1507 2093 1637 2161 adlinet

449 2202 576 2270 lavent:
605 2203 765 2270 camollam
790 2211 888 2290 atque
912 2204 1025 2270 tunica
1046 2205 1152 2270 rarius
1176 2211 1226 2271 est
1248 2203 1412 2288 lavanda3
1441 2210 1553 2270 tameo
1577 2222 1638 2288 per

449 2332 484 2377 se
514 2319 725 2397 occupentur.
772 2309 838 2396 Qui
869 2332 945 2376 vero
975 2320 1043 2377 tam
1074 2309 1190 2377 debilis
1221 2318 1288 2391 est,
1319 2311 1375 2397 qui
1393 2309 1466 2378 >hoe
1493 2307 1637 2376 officium

449 2438 546 2502 agere
576 2439 641 2484 non
672 2417 776 2501 valet,
808 2417 904 2484 lratn'
934 2426 1130 2503 praenotato
1163 2426 1336 2504 suggerat,
1361 2425 1398 2484 ut
1421 2417 1484 2484 sibi
1506 2415 1638 2484 efficere

449 2524 575 2605 saleat,
605 2532 742 2612 propter
771 2522 859 2609 quod
891 2524 1025 2611 siugulis
1055 2546 1232 2610 coagunum
1262 2531 1313 2591 est
1344 2523 1386 2592 de
1416 2525 1480 2591 hac
1508 2544 1546 2590 re
1575 2521 1639 2589 sibi

448 2630 633 2719 eximplere.
671 2630 758 2698 Nam
782 2632 856 2719 ipsa
878 2631 1012 2719 lympha
1034 2629 1076 2699 de
1099 2653 1166 2719 qua
1187 2631 1300 2699 lavare
1323 2652 1436 2700 omnes
1460 2628 1632 2715 debentur,

449 2739 548 2806 ullum
579 2747 707 2824 tempus
737 2761 803 2805 uun
832 2746 1020 2825 praetereat
1051 2738 1138 2826 quod
1169 2740 1250 2806 satis
1279 2761 1346 2807 noo
1370 2740 1430 2823 sit,
1453 2737 1542 2826 quod
1575 2736 1632 2804 ille

448 2844 553 2914 trater
581 2846 641 2912 sub
672 2868 732 2914 sua
762 2869 841 2913 cura
870 2847 1009 2930 lrabeat,
1038 2847 1089 2913 eui
1119 2847 1301 2932 injunctum
1328 2855 1380 2914 est
1402 2845 1574 2929 borreum,
1597 2851 1633 2913 et

447 2951 639 3020 linteamina
668 2954 828 3039 coquinae
850 2952 877 3044 ][
900 2955 970 3039 ipse
999 2975 1128 3040 semper
1157 2954 1346 3043 accipiat,¹)
1376 2961 1477 3039 atque
1506 2974 1567 3039 per
1595 2974 1633 3020 ae

449 3062 610 3127 restituat.
638 3061 817 3128 Reiectorii
834 3062 954 3148 quippe
969 3060 1130 3128 mensales
1146 3068 1180 3127 et
1195 3051 1296 3127 zelas
1312 3068 1414 3147 atque
1428 3058 1632 3143 linteamina,

448 3165 564 3252 quibus
588 3168 733 3234 seniores
756 3189 872 3234 manus
896 3175 1038 3254 tergunt,
1061 3189 1101 3234 ex
1124 3165 1298 3235 refectorio
1315 3166 1457 3253 accipiat
1472 3172 1506 3235 et
1519 3165 1634 3233 lauare

449 3274 561 3357 saciat,
584 3283 617 3340 et
641 3273 815 3360 adipsum
838 3274 975 3341 fratrem
991 3274 1204 3359 reconsignet.
1243 3274 1296 3340 Ex
1311 3272 1514 3342 infimorum
1534 3271 1633 3341 domo

448 3389 554 3446 sumat
578 3380 632 3448 ille
655 3381 768 3462 frater,
792 3383 844 3447 cui
866 3382 972 3467 ipsum
987 3380 1178 3467 obsequium
1193 3381 1376 3468 injunctum
1396 3389 1459 3464 est,
1482 3380 1635 3447 mantilia

447 3497 546 3573 atrpue
570 3487 684 3571 zallas,
708 3497 741 3555 et
764 3486 882 3555 reddat
906 3488 936 3553 ei
960 3487 1148 3574 supradicto
1171 3490 1329 3556 ollieiario
1353 3487 1397 3556 ad
1421 3486 1631 3569 abluendum,

448 3602 484 3660 ut
506 3615 580 3660 cum
602 3593 673 3661 lota
697 3594 817 3662 luerint
834 3594 896 3661 sibi
911 3596 1137 3662 restituantur.
1176 3592 1326 3662 Sabbata
1349 3594 1404 3663 die
1425 3594 1632 3673 adveniente.

448 3701 474 3766 si
505 3701 606 3768 semel
635 3700 853 3785 corrrederiat,
888 3723 963 3767 mox
997 3710 1031 3767 ut
1061 3701 1103 3768 de
1132 3700 1306 3769 refectorio
1336 3702 1493 3782 exierint,
1522 3701 1634 3767 veniat

447 3807 616 3893 praelatus
633 3807 737 3874 irater
751 3816 783 3874 ct
801 3829 874 3874 eum
890 3829 1023 3874 numero
1038 3809 1175 3895 recipiat
1188 3807 1229 3875 de
1241 3830 1340 3875 manu
1352 3806 1478 3875 famuli.
1502 3805 1633 3876 Deinde

447 3913 628 3999 procedant
645 3915 801 3996 seniores,
825 3923 858 3980 et
876 3914 1096 4001 uniusquisque
1112 3934 1172 3981 sua
1187 3915 1341 4001 arripiat.
1374 3912 1478 3982 Sibis
1494 3913 1633 3996 ederint,

448 4041 583 4107 vespere
607 4020 728 4087 saciant
753 4019 1024 4106 quemadmodum
1048 4029 1083 4087 ut
1107 4042 1218 4108 supra.
1253 4021 1344 4089 Nam
1365 4021 1563 4089 uestimenta
1584 4021 1634 4088 io·

448 4127 573 4194 launum
597 4128 752 4213 magister
775 4127 903 4194 illorum
928 4128 1096 4212 acquirere
1118 4126 1218 4194 debet
1248 4136 1281 4196 et
1312 4126 1485 4195 restituere
1509 4126 1554 4195 ad
1576 4149 1634 4194 eoa

447 4236 480 4301 iu
504 4234 604 4319 scola,
627 4234 677 4302 vel
701 4234 745 4301 ad
768 4233 904 4301 lectulos
928 4233 1103 4319 deportare
1126 4256 1199 4300 cum
1223 4233 1403 4320 aliquantis
1427 4233 1469 4301 do
1492 4234 1584 4321 ipeio.

536 4340 573 4410 Si
595 4363 678 4428 opus
701 4341 809 4424 luerit,
832 4348 942 4428 potest
966 4338 1156 4407 cellararius
1185 4341 1358 4409 sustollere
1380 4339 1568 4408 malleolum
1590 4338 1634 4408 de

447 4446 612 4532 cymbalo,
643 4455 753 4515 tauma
784 4447 811 4512 si
841 4446 958 4534 aliquis
981 4446 1096 4514 melius
1120 4468 1218 4534 quam
1243 4446 1332 4514 soliti
1355 4455 1432 4514 sunt
1453 4467 1633 4534 pracpara-

447 4554 563 4621 reriot.
601 4552 691 4621 Nam
706 4553 763 4621 ille
786 4555 900 4636 frater,
924 4553 979 4640 qui
1003 4575 1101 4640 super
1123 4573 1219 4621 orrea
1234 4561 1286 4621 est
1302 4553 1510 4637 constitutus,
1533 4553 1633 4639 ligna,

538 4784 560 4852 ¹)
578 4784 695 4842 noua
