3792 5375
764 1285 1198 1381 Prooemium.

480 1629 581 1733 Ordo
604 1662 804 1726 monasticus
826 1658 1008 1744 principale
1032 1681 1071 1724 ex
1088 1657 1122 1724 S.
1137 1657 1310 1724 Benedicti
1335 1658 1445 1742 regula
1471 1658 1574 1724 incre·

390 1778 535 1835 mentum
552 1769 688 1853 accepit.
725 1766 935 1848 Benedictus,
953 1764 1203 1831 occidentalium
1220 1765 1454 1830 rrronaelrorrmr
1470 1766 1575 1851 patri·

391 1875 492 1942 arclra
503 1874 591 1940 lrand
608 1874 768 1939 immerito
780 1872 897 1952 dictus,
914 1878 1081 1957 tamquam
1094 1871 1263 1957 legislator
1275 1873 1361 1938 ritae
1374 1873 1576 1938 monasticae

391 1989 649 2071 praeceptorque
666 1981 798 2047 sciretne
814 1980 1038 2045 sanctissimae
1055 2001 1184 2065 semper
1196 1987 1248 2046 est
1264 1978 1408 2048 babitus.
1436 1978 1577 2065 Scripsit

392 2090 610 2174 coadjuvante
634 2087 757 2174 Spiritu
783 2086 908 2153 Sancto
933 2086 1166 2152 monachorum
1190 2087 1348 2171 regulam,
1379 2086 1577 2153 discretione

393 2198 612 2286 praecipuam,
637 2203 795 2279 attamen,
818 2218 860 2261 ne
881 2194 998 2261 credas
1014 2196 1047 2259 in
1063 2195 1136 2279 ipsa
1151 2194 1265 2278 regula
1281 2201 1395 2261 sancta
1411 2217 1450 2261 ea
1468 2194 1579 2260 omnia

394 2328 523 2390 semper
545 2305 749 2390 praescripta
771 2326 854 2387 esse,
878 2325 964 2388 «luere
987 2309 1054 2368 tanr
1078 2301 1121 2368 ad
1141 2301 1242 2385 chori,
1266 2323 1365 2386 qnam
1381 2302 1426 2368 ad
1441 2301 1579 2368 claustri

395 2412 598 2498 disciplinam
623 2412 797 2496 pertinent.
810 2411 834 2496 ¹)
880 2411 915 2479 S.
939 2409 1137 2477 Patriarclra
1159 2409 1241 2476 baec
1265 2411 1370 2495 magis
1393 2432 1414 2474 a
1433 2408 1581 2475 locorum

395 2519 661 2603 diversarumque
685 2519 851 2602 regionum
875 2516 1117 2584 conditionibus
1140 2515 1327 2601 dependere
1351 2517 1457 2583 sciens
1476 2515 1582 2582 libero

397 2625 553 2693 abbatum
570 2626 707 2692 arbitrio
723 2625 865 2712 reliquit,
891 2631 929 2691 ut
951 2646 1067 2710 nempe
1083 2625 1144 2711 ipsi
1161 2623 1324 2708 ordinent,
1346 2630 1445 2711 prout
1467 2623 1582 2690 melius

397 2736 462 2800 ista
482 2734 712 2818 judicaverint.
746 2733 902 2799 Monaclri
919 2754 996 2799 sero
1014 2732 1151 2799 heredes
1173 2739 1308 2798 sanctae
1332 2739 1366 2798 et
1381 2733 1491 2800 aritae
1514 2738 1583 2798 tre·
1608 2733 1613 2741 '

398 2840 530 2907 ditionis
561 2839 671 2905 onmia
701 2862 741 2905 ea
772 2839 945 2905 addiscere
977 2862 1105 2924 semper
1138 2838 1352 2922 studuerunt,
1388 2860 1474 2925 quae
1506 2860 1582 2906 corr·

399 2948 555 3014 iorrrriora
578 2948 704 3032 spiritui
734 2948 864 3032 regniac
888 2955 1024 3014 sanctae
1047 2948 1080 3012 in
1103 2946 1389 3034 principalioribus
1411 2946 1584 3013 monastici

399 3055 539 3121 instituti
563 3055 738 3137 coenobiis,
762 3056 957 3141 praeprimis
979 3056 1013 3121 ia
1036 3055 1227 3121 archisterio
1245 3052 1436 3121 cassinensi
1453 3053 1586 3139 abipso

400 3170 514 3228 sancto
531 3162 719 3246 legislatore
736 3162 883 3245 fundato,
907 3161 1176 3229 observabantur.
1211 3161 1264 3227 En
1288 3161 1386 3242 ratio,
1409 3183 1469 3227 cnr
1484 3161 1586 3227 Boni·

400 3269 500 3334 iatius
517 3268 696 3336 Starnrinrn
721 3269 913 3355 discipulam
931 3268 1104 3337 Cassinnm
1128 3268 1306 3353 ablegaret,
1331 3290 1391 3334 cur
1413 3274 1464 3335 tot
1479 3267 1586 3334 sancti

403 3375 553 3442 monachi
577 3398 706 3443 sacram
731 3377 826 3442 istnrn
850 3384 994 3443 rnontern
1011 3376 1238 3458 ascenderent,
1262 3396 1322 3442 cur
1336 3373 1478 3441 Carolus
1493 3374 1588 3459 Mag·

402 3506 463 3549 nus
487 3484 576 3564 etii,
601 3485 657 3568 qui
680 3485 853 3550 monastici
872 3484 996 3550 ordinis
1015 3483 1288 3549 restaurationem
1311 3481 1590 3567 aggrediebantur

401 3591 477 3657 inde
501 3597 635 3657 sanctae
659 3590 790 3675 regulae
813 3598 845 3657 et
869 3590 1060 3675 disciplinae
1083 3595 1261 3675 praecepta
1284 3596 1487 3674 expeterent.

492 3698 631 3764 Praeter·
646 3696 844 3766 Cassinense
861 3720 938 3764 sero
964 3696 1258 3776 arclrieoenobiunr,
1282 3697 1468 3762 sanctitatis
1491 3695 1590 3764 laude
1640 3769 1642 3773 ,

403 3812 437 3871 et
466 3802 658 3888 disciplinae
688 3805 846 3889 regularis
876 3804 1084 3870 observantia
1114 3802 1352 3889 antiquioribus
1387 3802 1591 3887 temporibus

404 3911 540 3994 insigne,
563 3917 679 3975 octavo
704 3912 835 3978 sacculo
858 3910 972 3979 Caroli
997 3911 1110 3997 Magni
1134 3917 1169 3976 ct
1192 3909 1351 3975 Lurlorici
1375 3908 1427 3975 Pii
1451 3909 1590 3994 inrpera·

405 4024 512 4084 torum
535 4023 645 4083 aetate
667 4018 751 4084 alter·
771 4017 879 4086 tlurnit
896 4018 1106 4097 Benedictus,
1131 4016 1333 4082 Arriarrensis
1351 4016 1470 4100 dictus,
1493 4038 1590 4103 «prem

405 4124 487 4190 miro
511 4123 608 4189 nrodo
631 4124 779 4209 spiritura
803 4125 1043 4193 Benedictinae
1074 4124 1216 4189 familiae
1242 4121 1442 4208 legislatoris
1462 4122 1592 4191 beredi-

406 4240 495 4297 tasse
526 4229 656 4299 dixeris.
711 4231 794 4315 Ejus
828 4231 918 4298 sacta
949 4230 1186 4319 praeclaraque
1219 4237 1314 4314 gesta
1347 4228 1402 4295 iric
1435 4251 1593 4296 enarrare

407 4344 553 4405 nostrum
577 4358 642 4403 non
666 4344 727 4420 cst,
751 4360 824 4404 eum
848 4338 1011 4426 allegasse
1034 4343 1068 4403 et
1090 4337 1276 4403 nominasse
1299 4334 1461 4419 srrtticiat3
1488 4335 1531 4403 (le
1553 4358 1594 4404 eo

407 4445 506 4532 paulo
530 4442 665 4510 interius
689 4465 794 4511 sermo
818 4453 930 4512 noster
954 4444 1084 4515 redibit.

499 4622 523 4693 ¹)
542 4622 659 4692 Wolter,
678 4622 821 4680 Elcnreuta
839 4623 991 4679 monastica
1010 4640 1035 4695 p.
1048 4623 1075 4679 ⁴.
