3792 5375
784 494 1036 558 -183-

312 710 397 774 quiae
421 687 534 754 danda
557 696 632 754 sunt
657 708 715 773 per
738 686 900 768 officinas,
924 686 996 772 ipse
1011 687 1183 773 procurari
1199 684 1312 765 saciat,
1335 685 1425 773 qnod
1440 694 1509 754 tam

311 795 498 878 habendae,
521 803 558 860 ut
582 816 647 860 non
671 793 839 878 indigeant
856 793 1000 878 moneri3
1024 800 1059 860 et
1080 791 1153 878 ipae
1176 791 1303 859 dividat
1319 814 1379 879 per
1393 814 1510 860 unum·

311 924 484 989 quemque,
509 910 642 987 praeter
665 899 868 967 infirmorum
879 899 905 985 ¹)
929 898 1074 981 domum,
1098 899 1133 965 iu
1157 920 1224 984 que
1245 897 1371 982 famuli,
1395 900 1453 985 qui
1473 898 1508 966 in

311 1011 384 1094 ipso
415 1008 548 1075 seruitio
571 1006 722 1093 deputati
746 1006 863 1092 sunt‚¹)
886 1015 1109 1092 procurentur
1131 1004 1325 1091 adquirere,
1349 1006 1439 1091 quod
1460 1006 1508 1073 eia

311 1114 488 1183 sufficiant.

312 1331 367 1407 De
396 1333 614 1429 secretariis,
642 1357 708 1407 eeu
738 1330 910 1407 versiculi
939 1331 1100 1431 qualiter
1137 1340 1224 1405 enat
1251 1329 1509 1406 conscribendi

674 1457 712 1531 in
739 1455 856 1532 culice
884 1481 952 1531 eeu
980 1465 1129 1557 patena

399 1630 538 1698 XLIX.
575 1630 741 1699 Secretari
752 1632 777 1718 ¹)
801 1651 945 1717 namque
969 1631 1082 1698 lavent
1105 1629 1196 1698 omni

310 1748 430 1823 quarte
453 1737 536 1806 lenia
558 1738 690 1806 callices
706 1747 740 1805 et
763 1738 818 1806 die
833 1737 1052 1805 sabbatorum
1061 1737 1090 1827 ¹)
1113 1737 1209 1805 valde
1224 1759 1333 1822 mane,
1356 1737 1509 1823 omnique

310 1858 475 1930 tempore,
506 1853 540 1911 et
571 1845 691 1913 cotidie
719 1845 923 1931 perfundant
948 1854 1028 1913 ante
1051 1846 1154 1912 missa
1175 1865 1243 1912 una
1263 1845 1366 1913 bora:
1390 1851 1425 1912 et
1446 1843 1509 1913 beo

310 1951 459 2017 versiculi
483 1954 661 2038 conscripti
685 1955 749 2018 sint
773 1954 807 2018 in
830 1953 923 2039 ipsis,
948 1974 1008 2040 per
1030 1972 1262 2040 unnmqneque
1284 1951 1352 2019 dno
1374 1960 1410 2019 et
1430 1950 1467 2042 †.

398 2079 428 2128 a.
456 2059 601 2145 Mys-tica
622 2059 698 2126 hinc
720 2059 857 2127 Domini
882 2067 1057 2127 sumuntur
1079 2059 1168 2128 bunc
1191 2067 1411 2127 sacramenta.

400 2187 429 2236 r.
457 2164 488 2233 Ο
512 2166 584 2233 filii!
608 2166 696 2253 quod
720 2167 849 2233 sumitis
873 2166 1115 2253 amplectimini
1137 2187 1200 2237 me.

398 2294 428 2346 r.
456 2272 638 2358 Sumitur¹)
660 2273 736 2340 huic
760 2275 894 2359 sangnis
919 2274 1057 2341 Domini
1079 2274 1123 2341 de
1145 2295 1285 2361 corpore
1307 2271 1412 2344 susm

401 2401 430 2451 r.
458 2379 524 2466 Qui
547 2379 632 2446 bibis
655 2380 732 2448 binc
754 2388 868 2466 potum
893 2403 969 2448 cum
991 2403 1113 2468 mmo
1137 2379 1302 2466 sumena‘)
1323 2388 1478 2450 marom.

397 2507 427 2557 r.
455 2487 578 2556 l'odilo
602 2509 721 2554 nomen
744 2487 871 2555 babens
894 2487 979 2555 baec
1003 2510 1086 2555 vasa
1107 2494 1302 2576 patraverat
1324 2486 1440 2556 abbae.

398 2615 427 2663 r.
455 2594 606 2661 Heinrici
629 2595 716 2682 regis
740 2602 773 2661 et
797 2616 935 2663 munere
959 2595 1100 2663 eontulit
1122 2593 1252 2685 aria.†

307 2812 364 2888 De
394 2811 541 2906 tabulis,
576 2836 672 2911 quae
701 2811 838 2887 debent
866 2812 946 2887 lieri
973 2837 1042 2914 per
1071 2814 1360 2915 unumquodque
1388 2813 1504 2890 altare

470 2938 545 3012 suia
575 2936 782 3013 nominibus
812 2936 992 3013 dedicatia
1020 2939 1059 3013 in
1087 2935 1336 3038 parietibneb

396 3133 426 3187 r.
453 3113 584 3181 Eximio
609 3114 697 3181 recia
720 3113 919 3199 praecinctio
943 3111 1103 3210 dogmata
1125 3113 1218 3182 verbi

394 3241 425 3295 r.
451 3221 598 3289 Mirifice
620 3222 725 3287 aeriae
749 3218 927 3287 recidentia
950 3218 1202 3303 bartholomei,

395 3349 425 3402 r.
453 3327 688 3413 Pontificiaque
712 3326 809 3393 simul
832 3327 968 3394 martini
985 3326 1063 3414 jure
1086 3325 1221 3395 verendi

396 3456 425 3507 r.
452 3434 527 3500 Are
551 3434 662 3518 micat,
686 3433 779 3501 claro
801 3434 938 3501 nimium
963 3433 1174 3501 decoramine
1197 3440 1343 3523 compta.

393 3562 424 3615 r.
451 3542 498 3607 Et
521 3540 614 3607 vobis
637 3561 791 3626 proceres
814 3539 906 3606 rutili
929 3540 994 3608 boc
1017 3540 1126 3609 altare
1149 3548 1320 3610 sacratum

393 3668 423 3718 r.
450 3646 577 3716 Summi
600 3647 713 3714 mialea
736 3646 873 3714 Domini
890 3646 1070 3736 johannes,
1091 3648 1225 3735 jacobo,
1247 3649 1373 3734 tboma,

393 3776 425 3829 r.
451 3753 680 3841 Gregoriique,
704 3755 886 3840 Augustini
910 3754 972 3822 snb
995 3756 1165 3842 oramate')
1188 3756 1286 3825 aecii.

393 3882 425 3935 r.
452 3860 590 3928 Taurini
614 3883 742 3930 necnon
766 3861 968 3930 confessoris
990 3862 1181 3934 reuerendi.

392 3989 423 4042 r.
450 3968 528 4035 Hoc
550 3968 658 4035 altare
681 3970 765 4037 nitet
789 3968 925 4037 Domini
949 3970 1075 4054 pietate
1098 3968 1256 4037 dicatum.

392 4097 423 4150 r.
451 4074 482 4143 Ο
507 4074 678 4144 benedicte
702 4084 799 4162 peter
823 4075 975 4144 columen
999 4075 1067 4143 dux
1089 4084 1124 4144 et
1146 4076 1393 4149 monachorum.

392 4205 424 4261 r.
450 4182 656 4251 Columnam
679 4184 805 4250 micans
828 4181 931 4266 aidus,
955 4182 1062 4250 dulcia
1084 4182 1226 4252 filiberte

392 4312 424 4365 r.
450 4290 595 4358 Nomine
619 4290 774 4358 mellifluo
798 4296 910 4358 vestro
933 4289 1052 4357 domna
1075 4291 1143 4358 ieta
1163 4289 1316 4379 refulget
1422 4332 1431 4350 ·

393 4487 415 4557 ι)
434 4487 552 4544 Μ

391 4575 415 4648 ’)
434 4577 468 4634 In
485 4592 584 4633 ramra
600 4574 705 4646 legitur
724 4573 917 4642 ,πωπω

392 4665 414 4735 ·)
432 4664 496 4722 Alia
514 4679 611 4721 manaa
629 4662 733 4735 adjecit
751 4662 842 4720 tertul
862 4662 1020 4735 „refluunt
