3792 5375
844 561 1093 625 -199-

375 752 544 819 Cueullam
581 762 800 821 transmutare
835 752 955 837 debet,
990 762 1023 820 et
1057 754 1286 842 qualicumque
1320 755 1374 823 (lia
1407 765 1562 826 crocatur

375 861 468 927 suerit
495 860 535 926 ‹le
560 861 724 946 ergastulo
747 861 869 941 carui-3
895 883 994 927 eruum
1017 863 1156 929 officium
1179 862 1320 929 efficiant
1347 886 1407 949 pro
1423 886 1474 949 co,
1496 866 1559 932 uisi

375 967 486 1034 abbati
504 970 607 1034 risum
624 969 718 1034 luerit
737 976 875 1053 propter
891 968 1146 1035 misericordiam
1163 968 1375 1055 pluajuberc.
1400 970 1562 1039 Similiter
1685 980 1688 984 ’

375 1075 415 1140 «le
440 1074 625 1157 monachis,
656 1077 711 1161 qui
739 1075 780 1141 de
809 1073 892 1140 ioris
923 1076 1057 1142 ueniunt
1080 1098 1120 1142 ex
1144 1076 1245 1162 atior>
1279 1080 1476 1146 monasterio
1498 1101 1560 1166 pro

374 1183 523 1269 uliquu¹l
558 1182 721 1267 legatione
756 1181 805 1247 uel
842 1204 903 1247 suu
938 1183 1197 1264 necessitudine,
1231 1185 1379 1269 «quamvis
1412 1194 1560 1253 nocuum

374 1290 563 1355 societatem
595 1288 784 1367 habuerint,
819 1288 932 1354 nullus
964 1288 1061 1356 debet
1092 1289 1232 1375 prodere
1262 1311 1324 1357 sua
1353 1290 1473 1359 delicta
1500 1294 1559 1376 eiu,

373 1400 451 1485 quia
475 1421 573 1484 saepe
607 1400 730 1478 euenit,
765 1408 799 1464 ut
837 1397 980 1483 plurima
1009 1397 1189 1465 destructio
1219 1398 1279 1465 fiat
1307 1400 1341 1466 iu
1375 1400 1447 1487 ipso
1476 1399 1559 1467 loco.

374 1507 485 1572 Etiam
510 1507 542 1571 iu
565 1504 745 1592 crpitulmu
769 1527 835 1570 nou
861 1515 938 1570 suut
962 1505 1129 1591 pergendi,
1152 1507 1215 1573 uiui
1236 1505 1340 1574 abbae
1356 1507 1494 1592 jusserit
1508 1507 1559 1575 rel

374 1616 473 1700 prior,
483 1615 509 1699 ¹)
533 1614 559 1679 si
584 1613 688 1679 abbas·
711 1634 778 1678 nem
801 1613 911 1678 adest.
924 1612 948 1695 ¹)
994 1612 1036 1679 In
1059 1613 1204 1680 elaustro
1234 1614 1382 1698 juvenen,
1412 1615 1469 1701 qui
1498 1613 1559 1682 cub

373 1720 524 1786 custodia
556 1730 650 1801 suut,
685 1721 735 1786 vel
766 1721 883 1787 uouitii
914 1718 1035 1786 iratres
1065 1720 1189 1787 nullum
1214 1721 1410 1807 colloquium
1436 1721 1559 1789 habore

373 1827 495 1894 ‹lebeut
517 1849 592 1894 cum
613 1827 680 1895 illo.

462 1935 515 2000 Er
549 1934 613 2001 illis
648 1957 789 2021 numque
812 1935 1002 2016 monachia,
1038 1936 1093 2020 qui
1127 1936 1163 2002 in
1196 1936 1317 2003 uostriu
1348 1935 1559 2003 societnotms

374 2051 448 2108 suunt
473 2043 631 2127 suscepti,
663 2063 735 2107 eum
769 2040 902 2126 legatus
936 2041 1106 2108 ruducnerit
1141 2043 1175 2108 iu
1204 2042 1414 2127 caenobium,
1443 2041 1559 2109 tandiu

373 2149 555 2235 proteletur
577 2170 745 2234 (pecusque
768 2149 802 2215 iu
815 2148 964 2235 capitulo
976 2148 1097 2215 luerint
1121 2151 1306 2216 nuntiatum
1329 2149 1383 2217 (lie
1402 2152 1558 2235 crastim,

374 2266 404 2323 et
430 2266 508 2322 tunc
532 2255 681 2322 absolvat
713 2278 787 2322 eom
814 2255 957 2322 domnus
986 2254 1092 2323 abbas
1123 2255 1167 2322 ab
1196 2257 1284 2323 omui
1307 2256 1435 2325 viuculo
1458 2256 1558 2324 ‹lelio-

373 2373 490 2445 tomm,
521 2362 572 2429 vel
596 2364 703 2449 prior,
734 2364 776 2429 sit
806 2362 915 2429 abbas
937 2384 1004 2429 uon
1027 2372 1088 2430 est.
1135 2362 1352 2448 surgentibus
1374 2385 1393 2431 e
1415 2361 1559 2451 capitulo

372 2479 449 2537 eant
475 2473 507 2536 iu
531 2470 735 2551 aecclesiam,
760 2493 846 2552 mox,
872 2479 907 2536 ut
927 2469 1048 2536 luerint
1072 2471 1152 2538 dicti
1171 2470 1291 2557 perimi
1312 2493 1373 2557 piro
1395 2470 1558 2538 defunctio

370 2579 583 2663 pronuntiati,
608 2586 766 2643 sooeutur
788 2577 900 2643 onmia
925 2576 1028 2661 signu,
1051 2585 1085 2643 et
1108 2576 1261 2644 dieantur
1282 2600 1345 2664 pro
1359 2600 1399 2646 co
1413 2579 1557 2665 qunque

370 2684 489 2770 psalmi
521 2694 555 2752 et
589 2684 681 2752 fiaut
732 2684 800 2751 Pro
835 2683 961 2751 abbate
996 2706 1073 2751 uero
1108 2692 1213 2752 totum
1247 2684 1380 2772 plenum
1413 2683 1557 2753 officium
1604 2692 1607 2696 ’

370 2791 525 2861 efficiant

460 2900 501 2966 Iu
526 2901 762 2980 anniuersario,
793 2899 821 2964 si
853 2920 962 2984 cappa
992 2896 1092 2966 luerit
1115 2900 1149 2965 iu
1171 2898 1272 2967 choro
1295 2907 1328 2967 et
1350 2900 1416 2966 triu
1436 2899 1556 2967 caude

370 3007 464 3074 labra
487 3016 564 3074 ante
588 3007 706 3090 altare,
737 3014 770 3073 et
793 3004 956 3073 &aceruo
979 3014 1013 3073 et
1036 3005 1259 3074 subdiaconus
1281 3006 1410 3090 emulis,
1435 3006 1555 3093 qualia·

370 3137 498 3201 cunque
522 3115 627 3182 irater
648 3114 762 3197 luerit,
792 3115 841 3181 cic
865 3111 1036 3180 habebunt
1057 3113 1243 3199 generalem
1267 3124 1300 3181 et
1323 3112 1367 3180 ad
1389 3114 1555 3201 potionem

369 3222 556 3308 pulsabitur
578 3221 707 3308 squilla

458 3329 549 3414 Egcr
583 3337 678 3394 extra
710 3326 947 3394 monasterium
979 3326 1146 3413 accipiens
1178 3326 1345 3409 habitum,
1378 3336 1414 3395 et
1446 3329 1475 3395 ei
1507 3326 1554 3395 ulti

370 3437 507 3517 finierit,
537 3434 638 3502 nichil
666 3433 828 3518 agendum
863 3441 913 3500 est
942 3455 1004 3519 pro
1027 3456 1067 3500 eo
1090 3455 1112 3500 a
1135 3432 1303 3515 iratribus,
1326 3435 1388 3502 uiu‘
1411 3443 1553 3503 tautum

368 3541 465 3608 morlo
489 3563 609 3626 coquus
632 3542 704 3627 ejus
726 3541 760 3607 in
784 3540 948 3607 cimiterio
970 3538 1112 3607 fratrum
1133 3539 1162 3629 ][
1183 3540 1417 3625 condiendum,
1446 3540 1498 3610 rel
1519 3543 1554 3608 iu

368 3648 428 3714 tali
451 3647 524 3714 loeo
548 3648 752 3734 dispositum,
777 3647 832 3713 uui
857 3648 936 3715 talis
959 3646 1134 3714 defunctui
1155 3650 1321 3733 mittatur,
1343 3647 1434 3716 nullo
1455 3646 1554 3718 modo

367 3758 401 3822 in
425 3755 576 3841 populari
601 3755 759 3821 cimiterio
782 3763 938 3841 ponatur.
985 3752 1075 3820 Nam
1106 3754 1133 3820 ai
1162 3755 1195 3820 iu
1225 3754 1323 3822 domo
1352 3754 1554 3823 infirmorum

369 3862 563 3948 deportatus
593 3861 710 3946 fuerit,
740 3871 774 3928 ot
804 3861 851 3929 mi
882 3861 1019 3942 finierit,
1050 3869 1130 3930 tuuc
1159 3869 1277 3949 agatur
1298 3885 1359 3948 pro
1380 3884 1421 3930 co
1442 3863 1554 3930 omnia

368 3970 464 4036 ocuti
487 3970 529 4036 de
553 3968 619 4035 alio
642 3968 755 4050 iraue,
779 3970 880 4035 etium
913 3970 994 4036 l'occ
1016 3993 1089 4036 uror
1111 3990 1173 4055 pro
1195 3990 1235 4036 eo
1258 3977 1408 4040 cauum.

457 4077 553 4143 Item.
592 4076 675 4143 Cum
708 4076 842 4142 nuntius
866 4076 909 4142 dc
931 4073 1079 4162 quolibet
1101 4073 1256 4142 defuncto
1279 4074 1382 4142 fratre
1403 4076 1553 4163 proieruo

367 4184 510 4267 uenerit,
542 4184 653 4249 statim
683 4182 833 4269 pulsetur
864 4182 998 4263 tabula,
1028 4187 1063 4247 et
1092 4188 1171 4248 caut
1193 4183 1228 4247 iu
1250 4181 1460 4265 aecclesiam,
1481 4181 1552 4268 pul-

368 4298 481 4356 santur
515 4298 635 4358 cuncta
669 4291 763 4376 sigua
796 4296 831 4356 et
867 4297 986 4376 agatur
1018 4287 1162 4356 osticium
1202 4296 1412 4358 mortuorum.
1468 4287 1551 4355 Trea

366 4396 503 4465 candele
526 4399 594 4464 siut
616 4403 694 4463 aute
717 4395 823 4463 altare
840 4397 917 4483 ipsa
930 4392 1025 4465 hora.
1056 4395 1114 4463 Ad
1128 4395 1266 4483 primaru
1282 4395 1427 4478 misum
1450 4415 1551 4481 quum

366 4526 426 4591 pro
456 4526 496 4572 eo
526 4504 693 4571 cantaturi
715 4509 808 4584 aunt,
840 4503 885 4569 ait
914 4523 998 4569 uuus
1026 4501 1136 4568 iulum
1157 4501 1191 4569 iu
1214 4500 1315 4568 choro
1337 4523 1410 4568 cum
1432 4520 1550 4587 capp&

456 4736 611 4808 pam.
