3792 5375
866 556 1113 618 -168-

399 748 473 815 ilico
497 747 562 814 duo
585 748 679 833 pueri
702 746 810 813 dicent
833 746 1024 829 laetaniam,
1047 755 1115 812 tam
1139 746 1174 813 in
1197 746 1269 831 ipso
1286 745 1411 826 itinere,
1435 766 1534 831 quam
1550 746 1583 811 in

399 854 559 922 aecclesia
583 876 656 920 cum
681 861 884 920 revertentur
898 853 930 918 in
947 853 1092 918 chorum.
1129 851 1250 918 Nullus
1267 860 1445 938 antequam
1461 852 1583 918 letania

400 961 499 1028 luerit
521 959 651 1046 expleta
676 959 773 1026 debet
796 960 894 1042 exire,
905 959 931 1044 ¹)
955 960 1102 1046 quamvis
1132 958 1298 1026 licentiam
1328 959 1490 1026 habeant:
1521 958 1582 1025 nisi

398 1067 475 1134 talis
498 1067 678 1134 necessitas
700 1068 844 1134 evenerit
871 1089 971 1152 «quam
1001 1066 1188 1133 nullatenus
1217 1066 1399 1152 praeterire
1428 1066 1581 1152 potuerit.

398 1173 486 1241 Nam
523 1173 671 1260 expleta,
708 1175 734 1240 si
765 1174 861 1240 alicui
891 1183 941 1239 est
965 1172 1060 1240 valde
1090 1195 1173 1258 opus
1203 1173 1312 1258 aliqua
1344 1194 1445 1239 causa
1475 1193 1583 1256 agere,

398 1291 489 1366 petat
513 1282 678 1348 licentiam
701 1280 811 1346 domni
834 1279 983 1362 abbatis,
1013 1280 1064 1346 rel
1087 1280 1191 1363 illius,
1222 1280 1280 1366 qui
1310 1278 1457 1346 ordinem
1481 1286 1582 1359 tenet,

398 1389 427 1455 si
449 1387 554 1455 abbas
577 1409 642 1454 non
666 1396 725 1468 est,
759 1396 791 1455 et
815 1395 948 1473 pergat3
981 1386 1039 1454 sed
1063 1394 1175 1454 tamen
1199 1395 1278 1453 ante
1308 1385 1410 1453 iaciat
1432 1406 1582 1454 reseren-

398 1495 489 1578 tiam,
513 1503 546 1562 et
571 1494 685 1561 abluat
708 1494 808 1581 pedes
824 1517 912 1576 suos,
935 1505 968 1561 et
986 1502 1137 1579 procuret
1153 1493 1241 1580 quod
1258 1492 1503 1579 procurandum
1521 1498 1582 1559 est.

398 1602 485 1668 Nam
510 1603 580 1668 sine
609 1600 741 1667 licentia
770 1601 856 1668 ullus
887 1623 1047 1688 nusquam
1082 1600 1201 1681 saciat,
1234 1622 1337 1686 usque
1372 1598 1450 1666 dum
1484 1600 1583 1666 missa

398 1709 496 1775 luerit
519 1708 629 1774 finita:
660 1708 809 1775 similiter
831 1709 865 1774 in
889 1708 1115 1792 rogationibus
1139 1707 1190 1774 rel
1214 1707 1287 1774 aliis
1310 1705 1581 1793 processionibus.

487 1815 585 1881 Item.
630 1814 718 1882 Nam
741 1815 862 1882 inillis
885 1813 1096 1902 tenqmribus,
1120 1814 1256 1899 quando
1280 1822 1420 1900 pergunt
1442 1812 1487 1880 ad
1509 1834 1582 1880 aec·

396 1922 543 2004 clesiam,
566 1931 660 1987 extra
683 1922 916 1989 monasterium
941 1931 1018 1988 eant
1043 1920 1183 1988 dicendo
1206 1922 1417 2008 responsoria
1440 1927 1473 1988 et
1497 1920 1582 1987 auti-

397 2029 525 2114 phonas
548 2052 608 2116 pro
632 2030 775 2114 peccatis
802 2037 836 2096 et
865 2049 906 2095 ex
928 2027 1047 2096 beatae
1070 2029 1206 2115 virginis
1230 2027 1339 2096 Mas-ie
1362 2048 1447 2114 equae
1472 2027 1582 2094 velint

396 2136 477 2203 Jam
510 2159 614 2223 prope
648 2137 691 2202 ibi
725 2137 950 2224 proximantes
985 2136 1146 2224 incipiant
1175 2136 1419 2221 responsorium
1448 2156 1490 2202 ex
1517 2134 1583 2201 illis

397 2243 544 2330 reliquiis
578 2252 781 2326 sanctorum,
816 2264 955 2329 quorum
989 2242 1148 2311 vocabula
1185 2242 1232 2310 ibi
1267 2249 1461 2310 consecrata
1495 2249 1582 2309 sunt.

397 2349 553 2418 Protinus
576 2359 611 2417 ut
636 2351 762 2417 finitum
785 2350 892 2431 suerit,
917 2348 1005 2416 dicat
1026 2348 1193 2430 sacerdos,
1218 2349 1378 2430 Orenms;
1401 2349 1581 2416 orationem

397 2465 583 2525 sanctorum
606 2458 745 2526 illorum.
786 2456 880 2523 Tunc
914 2462 1126 2542 prosternant
1157 2478 1193 2523 se
1223 2478 1354 2538 omnes,
1390 2464 1423 2523 et
1457 2454 1583 2522 iaciant

396 2585 543 2649 praeces.
590 2569 694 2632 Pater
716 2578 824 2633 noster
831 2595 840 2643 ;
872 2565 905 2631 in
928 2563 1088 2632 hocloco
1112 2584 1177 2630 nou
1201 2571 1254 2631 est
1276 2562 1449 2631 dicendum
1473 2582 1583 2630 sacer·

396 2669 456 2738 dos
479 2671 625 2740 clamosa
646 2694 740 2754 soce,
774 2673 820 2739 Et
840 2699 880 2739 m·
903 2697 975 2754 uos,
1011 2669 1070 2740 sed
1105 2670 1218 2738 statim
1248 2678 1379 2758 promat
1409 2669 1582 2758 psalmum,

394 2800 455 2864 pro
478 2777 651 2858 defunctis,
683 2778 739 2866 qui
768 2777 814 2845 ibi
834 2777 1062 2865 'rerqmeseunn
1089 2781 1207 2846 Laertio
1239 2782 1354 2846 arriana
1385 2801 1459 2846 ntea
1481 2781 1582 2845 dorm:

206 2915 242 2945 o·
288 2910 301 2934 v
395 2910 483 2953 rrum.
499 2884 526 2974 ][
541 2885 741 2971 Capitulum,
766 2889 796 2951 A
816 2900 919 2972 porta
943 2888 1061 2971 orsi-ri.
1092 2888 1259 2954 Dominus
1282 2887 1460 2954 vobiscum.
1496 2882 1580 2953 Ora·

394 2993 453 3075 tio,
479 2996 570 3060 Deus
593 2997 687 3060 cuius
710 2994 928 3061 saturatione.
975 2992 1070 3059 'l'uuc
1094 2992 1160 3059 duo
1183 2992 1278 3080 pueri
1308 2991 1468 3079 incipiant
1497 2991 1580 3058 leta-

395 3099 494 3166 niam.
548 3102 653 3179 Krrie
686 3107 763 3166 ante
797 3098 902 3165 altare
937 3107 970 3165 et
1005 3099 1199 3185 perveniant
1233 3097 1278 3165 ad
1313 3098 1402 3185 ipsos
1436 3105 1580 3181 sanctos,

394 3205 534 3273 dicendo
557 3204 603 3273 ibi
627 3227 729 3291 usque
753 3204 796 3272 ad
826 3227 944 3273 nomeu
975 3205 1063 3271 beati
1090 3204 1263 3291 johannis,
1294 3213 1327 3273 et
1360 3214 1438 3273 tunc
1468 3204 1581 3273 dicant

394 3311 500 3379 tribus
523 3313 657 3394 vicibus,
681 3311 800 3381 deinde
822 3311 916 3391 alios,
939 3313 996 3398 qui
1019 3319 1211 3400 sequuntur,
1240 3319 1274 3378 et
1296 3311 1421 3380 iaciant
1445 3321 1523 3380 aute
1545 3319 1580 3379 et

394 3426 484 3487 retro
506 3427 540 3487 et
563 3421 611 3487 sic
634 3420 824 3506 procedant,
847 3420 1124 3506 quemadmodum
1147 3427 1318 3487 uenerunt.

435 3618 492 3693 De
521 3629 727 3694 sanctorum
755 3618 904 3718 reliquis
934 3618 1090 3719 qualiter
1118 3618 1306 3694 deferatur
1334 3618 1383 3694 ad
1409 3619 1539 3716 locum,

395 3742 456 3817 ubi
472 3768 621 3819 necesse
641 3754 724 3819 sunt
745 3743 971 3843 deportanda
990 3742 1323 3850 processionaliter,
1340 3754 1404 3819 aut
1422 3744 1578 3843 qualiter

760 3868 958 3967 recipiatur
985 3893 1068 3944 cum
1094 3867 1215 3950 laude.

483 4023 610 4095 XXX.
644 4023 787 4112 Quando
810 4024 970 4112 reliquiae

395 4128 598 4217 deportande
613 4139 693 4199 sunt
715 4131 844 4214 alicubi,
868 4132 930 4199 hoc
947 4132 1044 4200 niodo
1059 4131 1194 4200 iaciunt.
1226 4132 1406 4200 annuente
1426 4134 1579 4218 murano,

394 4235 445 4304 rel
468 4237 634 4325 loquente,
658 4239 685 4306 si
709 4246 837 4326 tempus
861 4238 959 4305 suerit
983 4237 1147 4326 loquendi,
1178 4239 1230 4306 rel
1254 4239 1322 4323 illo,
1352 4239 1408 4326 qui
1431 4237 1579 4307 ordinem

394 4345 547 4428 tenuerit,
571 4347 790 4413 revestiantur
805 4346 912 4412 cuncti
929 4346 963 4412 in
980 4345 1105 4433 cappis,
1121 4346 1215 4433 pueri
1231 4347 1265 4414 iu
1280 4344 1374 4417 albis.
1408 4343 1580 4433 Reliquiae

395 4450 461 4519 siut
476 4472 618 4537 congrue
632 4452 808 4535 collocate3
832 4452 1001 4519 secretarii
1017 4452 1155 4520 ecclesie
1177 4452 1310 4539 pulsent
1333 4452 1437 4539 signs,
1460 4450 1580 4522 ande

395 4555 490 4623 labra
501 4556 566 4625 dno
579 4557 794 4647 deportentur
808 4578 829 4626 a
846 4560 1127 4647 conversimque
1146 4570 1274 4644 sanctu,
1291 4581 1380 4642 crux,
1397 4558 1579 4644 incensum

431 4667 508 4785 ἡ)
526 4717 642 4776 Boura.
