3792 5375
814 551 1060 615 -127-

345 744 401 811 Ad
425 744 604 830 capitulum
628 745 739 831 legant
763 744 965 829 euangelium
989 766 1030 810 ex
1058 742 1111 808 die
1142 742 1303 809 dominico
1332 750 1365 808 et
1394 742 1526 808 missam

345 852 572 918 matutinalem
596 851 708 918 dicant
730 850 772 917 de
795 859 919 918 sancto.

435 958 590 1025 CXXX.
616 958 737 1042 l'igilin
760 960 866 1025 sancti
891 957 1033 1024 martini.
1080 955 1254 1022 Adornent
1284 963 1387 1022 totum
1414 976 1527 1022 mona·

346 1068 480 1132 sterium
504 1068 589 1132 sicut
612 1067 638 1155 ][
662 1069 694 1132 iu
720 1067 829 1150 vigilia
859 1066 1003 1132 omnium
1034 1072 1228 1132 sanctorum.
1275 1062 1410 1143 Altare,
1439 1061 1527 1149 quod

346 1182 395 1239 est
426 1196 486 1239 suo
521 1175 642 1240 nomini
674 1172 834 1253 dicatum,
869 1172 1049 1239 adornetur
1072 1169 1251 1257 parietibus
1273 1169 1417 1238 cortinis.
1463 1168 1528 1237 Re·

346 1281 472 1346 tectorii
487 1290 714 1365 procuratores
726 1280 890 1365 accipiant
901 1277 1054 1345 bancalia
1067 1284 1166 1361 atque
1183 1276 1332 1343 mantiles
1347 1275 1390 1342 ad
1409 1297 1528 1344 ornan·
1607 1271 1611 1276 ’

346 1387 422 1453 dnm
447 1389 550 1473 ipsam
576 1386 700 1455 aedem.
732 1386 903 1471 Jejuaiun
927 1384 1016 1451 alind
1042 1406 1105 1450 non
1128 1385 1246 1468 agitur,
1270 1384 1329 1449 uisi
1347 1383 1435 1471 quod
1451 1383 1528 1450 soli·

346 1503 414 1561 tum
446 1507 494 1560 est
527 1496 559 1559 in
590 1494 766 1560 cotidianis
796 1491 920 1558 dicbus.
970 1490 1026 1557 nd
1050 1512 1218 1577 uesperam
1246 1489 1416 1557 duodecim
1443 1490 1528 1558 cerei

346 1609 423 1667 ante
448 1623 539 1666 aram
564 1602 640 1682 sint,
664 1611 752 1666 retro
777 1599 899 1666 decern.
930 1597 1134 1684 Capitulum,
1158 1601 1243 1665 Ecce
1265 1603 1421 1666 sacerdos
1437 1622 1528 1684 arag·

346 1733 417 1776 nus.
465 1708 739 1794 Responscrium,
765 1709 906 1774 Durriae
928 1710 962 1773 si
981 1709 1094 1773 ndlrnc
1109 1709 1233 1793 populo
1254 1720 1319 1775 tao.
1363 1703 1528 1792 Hymnus,

346 1818 421 1882 Rex
447 1817 578 1883 Christe
601 1816 755 1883 Martini.
801 1813 876 1880 Duo
900 1811 1089 1880 sacerdotes
1112 1811 1314 1879 circumdent
1336 1835 1375 1882 ae
1403 1814 1528 1899 cappis,

346 1923 400 2008 qni
432 1930 602 2007 reportent
632 1922 798 1988 incensum
830 1923 865 1987 in
895 1920 1032 2003 altaria,
1063 1927 1096 1986 et
1126 1920 1191 1986 duo
1221 1921 1366 1987 conversi
1390 1921 1422 1986 in
1445 1919 1529 1986 albis

347 2028 466 2109 adsint,
491 2029 546 2112 qui
569 2026 720 2094 deserant
743 2026 786 2093 ad
809 2027 940 2094 fratres.
982 2029 1012 2095 0
1035 2033 1178 2094 rrrnrtr'm·
1199 2052 1219 2091 0
1234 2031 1302 2113 pic,
1327 2025 1528 2115 Antypltona

346 2136 446 2202 tertio
476 2135 519 2201 ab
543 2134 693 2201 omnibus
716 2142 898 2220 repetatur.
945 2132 1110 2216 collecta,
1140 2137 1248 2212 Deus,
1276 2140 1335 2222 qui
1359 2137 1528 2222 conspicis.

346 2243 403 2309 Ad
420 2244 597 2309 stationem
617 2242 872 2327 responsorium,
897 2244 1069 2309 ⁴llurtinns
1090 2243 1248 2324 abranae,
1272 2241 1377 2308 oratio
1401 2240 1531 2308 dicatur

347 2349 388 2416 de
413 2349 541 2437 ipsein
567 2357 655 2416 tono.
687 2348 854 2434 l'eaperas
878 2355 1025 2433 peracta,
1050 2348 1268 2435 unusquisque
1290 2347 1431 2415 fratrum
1447 2348 1529 2417 duca

348 2457 484 2543 pedules
508 2455 552 2522 ad
575 2456 694 2522 lectum
717 2456 864 2522 invenire
887 2454 987 2522 debet
1010 2461 1225 2542 praeparatos
1248 2454 1291 2522 ad
1321 2456 1528 2524 camerarios

349 2566 439 2630 Ante
468 2573 647 2630 nocturnos
677 2564 865 2650 priusquam
897 2569 1071 2644 souentur,
1107 2560 1290 2630 accendant
1322 2584 1463 2630 coronas
1495 2569 1531 2630 et

348 2694 422 2738 curn
445 2670 609 2756 expletum
634 2669 732 2737 suerit
761 2670 926 2737 canticum
948 2669 1125 2754 graduum,
1157 2667 1341 2737 accendant
1361 2676 1430 2738 tres
1453 2692 1529 2738 can·

349 2778 441 2845 delas
465 2786 541 2844 ante
566 2777 672 2843 altare
696 2785 729 2844 et
753 2784 842 2844 retro
865 2799 977 2844 unam.
1024 2777 1080 2844 Aa
1104 2777 1326 2845 invitatorium
1349 2778 1531 2846 vestiantur

348 2892 504 2972 quattuor
526 2884 647 2951 iratres
669 2885 703 2950 in
727 2885 850 2970 cappis.
894 2883 1043 2965 Ymuus,
1067 2887 1141 2953 Rex
1171 2886 1310 2953 Christe.
1354 2883 1531 2953 Lectiones

348 3001 439 3059 totae
461 2991 613 3078 legantur
635 2992 677 3058 de
700 2992 770 3078 ejus
793 2993 870 3061 rita.
915 2991 1139 3077 Respousoria
1160 2991 1227 3059 duo
1256 2999 1290 3060 et
1318 2992 1383 3061 duo
1411 2991 1530 3061 decau-

348 3100 459 3184 tent¹)
500 3098 558 3165 Ad
589 3101 719 3166 cantica
749 3097 973 3166 accendantur
1002 3098 1185 3184 quindecim
1215 3098 1373 3168 candelae
1401 3100 1435 3168 iu
1457 3122 1530 3188 per·

348 3209 432 3289 tica,
456 3213 533 3272 aute
557 3228 648 3272 aram
672 3228 798 3288 norem,
822 3206 972 3273 similiter
994 3213 1093 3274 retrn
1129 3206 1345 3293 Evangelium
1367 3228 1434 3275 uou
1455 3228 1530 3295 pm·

349 3313 528 3380 nuntietur.
575 3313 833 3398 Responsarium
864 3312 1091 3379 duodecimum
1121 3320 1197 3400 past
1219 3314 1356 3399 gloriam
1379 3336 1401 3381 a
1423 3315 1531 3402 capite

349 3422 520 3507 recipiant.
564 3421 605 3486 In
627 3420 798 3487 matutinis
821 3419 994 3502 laudibus,
1029 3441 1162 3506 parnas,
1194 3424 1342 3489 alaram
1363 3436 1435 3509 par
1457 3437 1531 3510 upa

348 3532 450 3596 stolis.
497 3526 554 3593 Ad
585 3528 716 3593 missam
748 3527 977 3594 matutinalem
987 3528 1011 3611 ¹)
1040 3547 1107 3593 una
1136 3526 1276 3594 collecta
1305 3528 1531 3597 tantummodo

349 3634 488 3703 dicatur.
535 3633 592 3700 Ad
615 3636 772 3719 majorem
795 3656 908 3700 onmes
931 3633 1052 3701 iratres
1075 3635 1140 3700 sint
1163 3635 1196 3701 in
1228 3636 1358 3722 cappis,
1388 3644 1423 3703 et
1452 3635 1530 3703 dua·

349 3743 454 3808 decim
478 3740 563 3806 cerci
587 3748 663 3806 autc
687 3741 804 3822 altare,
833 3749 923 3806 retro
946 3740 1070 3810 decem.
1115 3738 1267 3807 Officium
1289 3750 1374 3828 ncta,
1397 3765 1531 3830 respau-

350 3849 437 3914 scria
461 3854 627 3931 quattuor,
652 3846 798 3932 Alleluja
822 3870 879 3913 sex
903 3857 1136 3933 procurentur:
1159 3855 1237 3935 post
1259 3849 1391 3916 missam
1414 3858 1532 3917 sonent

350 3955 459 4020 omnin
484 3954 591 4036 signa:
615 3953 647 4018 in
663 3953 753 4019 horis
769 3962 836 4019 tres
853 3953 1011 4020 candelae
1028 3954 1260 4039 accendantur,
1276 3963 1400 4042 etpost
1417 3978 1530 4024 uuam-

351 4081 514 4145 quamque
539 4059 652 4125 dicant
675 4060 797 4145 lruuc²)
821 4083 967 4127 versum:
1003 4064 1153 4130 ,llartinc
1168 4078 1241 4152 par
1261 4068 1431 4151 apostolis.
1473 4063 1529 4130 Ad

351 4167 448 4232 finem
475 4167 562 4250 ymni
595 4173 671 4251 post
701 4167 894 4252 prandium,
925 4191 999 4233 cnm
1030 4170 1167 4236 exierint
1198 4169 1240 4236 dc
1269 4169 1442 4238 refectorio
1482 4171 1530 4237 in·

351 4273 477 4354 santes,
510 4273 641 4340 veniant
672 4274 705 4339 in
736 4273 809 4340 loca
840 4277 958 4342 suain
982 4275 1099 4357 choro,
1134 4284 1168 4343 et
1201 4276 1277 4344 ilico
1310 4285 1347 4344 ut
1376 4278 1531 4345 sacerdos

351 4378 490 4463 dixerit,
527 4384 574 4446 lit
595 4407 634 4448 nc
656 4406 733 4463 nos,
765 4381 925 4461 int‘antcs,
956 4383 1014 4468 qui
1044 4383 1159 4449 lecturi
1189 4392 1264 4450 sunt
1292 4384 1327 4450 in
1356 4384 1530 4452 refectorio

351 4493 480 4569 exeant,
504 4494 536 4553 et
553 4488 664 4553 statim
689 4494 784 4553 sonet
799 4489 925 4573 signnm
950 4496 983 4554 et
1000 4491 1156 4574 incipiant
1178 4511 1296 4557 nonam
1319 4489 1531 4558 servitoribus

442 4717 463 4785 ¹)
483 4717 597 4774 Rasum
759 4717 781 4788 ἰ
800 4719 832 4775 lu
851 4726 947 4777 tert-u:
966 4672 1076 4791 lruictl).
