3792 5375
886 513 1133 575 -110-

418 706 596 792 loquantur
610 727 711 792 usque
728 704 804 770 dum
820 712 958 771 sonatur
974 705 1081 771 tertia.
1108 703 1193 770 Post
1207 702 1340 770 tertiam
1356 702 1512 769 iratribus
1528 723 1602 769 euru

418 813 546 880 silentio
561 811 780 879 residentibus
802 811 835 876 iu
859 811 1015 890 claustro,
1038 810 1185 876 infantes
1209 817 1243 877 et
1264 808 1384 876 infirmi
1406 809 1440 875 in
1464 808 1602 876 relecto·

418 921 500 986 rium
524 920 665 985 veniant
713 918 795 984 Post
818 925 944 984 sextam
969 925 1047 984 eant
1069 918 1104 983 in
1135 915 1363 982 dormitorium
1393 914 1434 981 ad
1461 937 1603 1001 pausan-

418 1026 495 1092 dum
518 1032 553 1092 et
575 1024 651 1091 dum
675 1024 841 1111 pulsatum
876 1024 976 1091 luerit
1009 1026 1136 1109 signium
1170 1031 1309 1110 surgant
1342 1030 1377 1090 et
1409 1022 1604 1108 provideant

418 1131 668 1200 necessitatibus
690 1133 757 1198 suis
780 1139 814 1198 et
836 1130 915 1197 dum
938 1153 1058 1197 manus
1082 1138 1115 1197 et
1139 1129 1242 1197 facies
1265 1128 1442 1196 habuerint
1470 1128 1603 1196 ablutas

417 1239 561 1305 infantes
583 1237 707 1325 absque
731 1237 797 1304 ullo
821 1238 930 1303 sonitu
946 1236 1129 1323 procedant
1143 1238 1178 1303 in
1195 1236 1388 1303 aecclesiam
1404 1243 1482 1304 ants
1498 1235 1602 1302 altare

235 1383 267 1405 a.
282 1366 327 1404 aa
418 1351 452 1410 et
473 1357 569 1411 orent
592 1346 815 1427 communiter,
839 1345 959 1411 deinde
975 1352 1113 1431 surgant
1133 1345 1158 1432 ][
1182 1353 1216 1411 ct
1239 1343 1331 1410 dicat
1354 1366 1436 1410 uuus
1460 1365 1501 1410 ex
1523 1343 1603 1429 ipsis

416 1450 604 1520 laetaniam.
644 1451 806 1519 Sacerdos
829 1472 903 1517 curu
927 1451 1085 1518 ministris
1100 1460 1218 1536 pergat
1234 1449 1421 1518 Secretario
1441 1456 1475 1517 et
1488 1449 1605 1516 induat

418 1580 453 1625 se
477 1559 676 1625 vestimentis
699 1560 812 1642 sacris,
836 1558 1092 1645 persolvantque
1116 1558 1239 1625 munia.

507 1664 591 1731 Post
613 1666 746 1731 missam
775 1665 905 1752 pulsato
936 1666 1029 1751 signo
1058 1666 1184 1751 pauiter
1206 1674 1302 1733 orent
1328 1672 1363 1732 et
1385 1662 1520 1744 exinde,
1548 1663 1605 1750 qui

317 1779 319 1784 ’
417 1772 569 1839 servituri
592 1780 669 1839 sunt
691 1772 858 1853 fratribus,
882 1774 1020 1839 mixtum
1044 1773 1219 1859 accipiant,
1244 1780 1278 1840 et
1301 1780 1378 1859 post
1398 1770 1604 1838 interuallum

417 1879 508 1963 illud,
533 1878 620 1946 dicta
636 1901 734 1960 nona,
758 1881 891 1947 veniant
905 1879 950 1947 ad
966 1880 1189 1947 reficiendum.
1220 1879 1305 1947 Post
1323 1900 1477 1965 vesperas
1491 1877 1605 1945 dicant

417 1988 557 2054 officium
581 1995 792 2072 mortuorum,
815 1995 851 2054 et
873 1987 993 2055 deinde
1016 1986 1147 2074 pulsato
1170 1985 1322 2073 cymbalo
1345 1986 1540 2054 conveniant
1561 1984 1606 2052 ad
1645 2053 1651 2074 ζ

417 2093 605 2164 bibendum.
650 2094 751 2162 Faria
773 2102 892 2181 quarta
922 2103 957 2162 ot
986 2104 1082 2161 sexta
1111 2094 1236 2161 saciant
1264 2094 1516 2181 processionem.
1562 2089 1605 2160 In

418 2199 590 2268 duodecim
613 2200 754 2268 lectione
777 2202 920 2268 efficiant
929 2203 966 2288 ¹),
990 2201 1075 2268 siout
1090 2202 1179 2268 soliti
1199 2209 1287 2268 snut.
1318 2199 1495 2286 Reliquum
1511 2221 1604 2266 namn

417 2315 497 2394 egat
519 2314 558 2375 ut
580 2328 691 2394 supra.

506 2412 637 2485 cxlv.
684 2413 726 2481 Iu
752 2414 954 2482 exaltatione
979 2422 1113 2482 sanetae
1137 2415 1261 2499 crucis,
1291 2413 1484 2500 priusquam
1508 2434 1605 2482 sona·

418 2522 525 2588 verint
547 2543 691 2608 vespere,
715 2530 873 2588 ornentur
896 2521 1019 2589 altaria
1041 2522 1166 2589 sericis.
1212 2522 1255 2588 In
1283 2520 1401 2607 majori
1429 2519 1605 2588 medietate

418 2634 561 2716 ponatur
583 2627 675 2695 libris
699 2630 825 2715 paratis
847 2636 881 2696 et
912 2629 1056 2717 quinque
1087 2629 1174 2697 cerei
1202 2626 1445 2715 accendantur,
1476 2629 1510 2696 in
1539 2626 1605 2699 for·

418 2735 524 2802 urulaa
547 2735 673 2820 tapetia
703 2735 902 2803 ordinentur.
949 2734 1158 2822 Capitulum,
1190 2740 1264 2804 Hoc
1293 2741 1408 2806 semite
1437 2742 1473 2807 iu
1503 2739 1605 2805 nabab.

418 2843 693 2930 Responsorium,
725 2845 796 2910 Hac
818 2848 952 2931 signum
983 2849 1103 2912 crucis.
1149 2842 1301 2926 Ymnus,
1337 2846 1468 2913 Vexilla
1490 2846 1605 2932 Regis.

418 2948 631 3035 Antiphoua,
669 2951 699 3017 0
729 2949 823 3016 Crux
852 2952 1088 3021 ammirabilis.
1141 2948 1277 3036 Oratio,
1308 2952 1401 3017 Deus
1429 2954 1489 3038 qui
1498 2952 1501 2957 ’
1515 2953 1606 3019 haui-

412 3060 533 3140 gcniu'.
579 3055 703 3125 Postea
733 3078 750 3123 e
781 3057 903 3123 sanetis
933 3056 1132 3142 martyribus
1162 3056 1294 3124 dicatur
1324 3057 1503 3144 antiphona
1532 3078 1605 3124 aum

419 3161 548 3232 Gloria.
598 3162 656 3229 Ad
690 3164 864 3230 stationem
896 3164 1114 3249 antiphonam
1148 3163 1200 3231 rel
1229 3165 1489 3251 responsorium,
1523 3185 1607 3252 quas

419 3269 497 3336 uelit
517 3292 668 3357 promere
692 3269 792 3336 etad
816 3277 966 3337 sanctam
990 3292 1121 3338 crucem
1144 3270 1409 3357 procedentibus.
1419 3270 1445 3357 ¹)
1482 3270 1607 3339 Invita·

419 3379 549 3459 tomum,
582 3379 707 3464 Regem
730 3380 923 3463 Martyrum
959 3384 993 3444 et
1029 3378 1093 3447 duo
1129 3378 1196 3445 siut
1223 3378 1259 3447 in
1289 3378 1403 3464 cappis
1434 3376 1607 3464 adipsum

419 3482 673 3554 decantandum.
720 3482 868 3564 Yumus,
901 3488 1051 3553 Actcrua
1076 3488 1206 3555 Christi
1232 3509 1384 3554 munera.
1430 3485 1543 3554 Primo
1573 3493 1608 3553 et

419 3590 564 3657 seeundo
588 3600 748 3657 nocturno
772 3600 838 3658 tres
862 3590 1002 3658 candele
1026 3592 1166 3660 ardeant
1189 3599 1224 3660 et
1237 3599 1328 3660 retro
1345 3614 1421 3658 una.
1451 3591 1493 3658 In
1508 3593 1607 3662 tertio

419 3704 603 3783 augeantur
625 3696 720 3764 duae.
759 3698 855 3765 Duae
879 3706 1060 3766 nocturnae
1083 3700 1125 3766 de
1152 3700 1276 3767 sanans
1297 3698 1421 3767 dicant.
1458 3698 1607 3787 Respon-

419 3804 541 3870 sorium
565 3813 729 3889 quartum,
753 3815 914 3889 octavum,
940 3813 974 3873 et
997 3805 1226 3873 duodecimum
1250 3807 1315 3873 duo
1338 3804 1459 3874 miros
1488 3806 1607 3874 decan·

420 3918 502 3977 tent
546 3910 603 3976 Ad
625 3912 767 3979 Cantica
790 3912 982 3999 antiphona,
1008 3915 1115 3981 Dulce
1139 3915 1279 3999 legarunt.
1327 3916 1468 3981 Dauum
1490 3916 1611 3982 audivi

421 4016 587 4084 dividatur
608 4019 642 4083 in
665 4019 730 4085 tria
754 4020 930 4085 nauticae>
978 4019 1210 4103 Evangelium,
1242 4023 1341 4087 Itium
1359 4020 1531 4109 judicium
1561 4034 1610 4090 est

421 4127 538 4192 rrmudi
558 4126 801 4210 pronunciatur,
826 4133 859 4191 ct
882 4149 969 4211 «puae
993 4133 1150 4193 secuntur
1173 4126 1283 4194 omnia
1307 4124 1349 4193 de
1371 4133 1488 4192 sancta
1510 4147 1608 4193 ornae

421 4228 558 4297 festivae
582 4230 819 4301 nuelebrontur.
867 4232 909 4298 ln
933 4232 1051 4299 laudes
1073 4254 1203 4319 ymnus,
1236 4235 1377 4301 l'cxilla.
1412 4230 1471 4299 Ad
1493 4232 1608 4300 statio·

421 4357 495 4404 nem
519 4337 711 4423 antiphona,
736 4340 845 4425 Supm
866 4341 977 4407 oruuia
1002 4344 1098 4425 ligna
1123 4344 1311 4424 cedrorum,
1341 4339 1448 4407 ontio
1471 4338 1513 4406 de
1534 4339 1609 4426 ipsa

423 4442 610 4511 lestisitate.
657 4442 763 4511 Missa
785 4445 990 4512 uratutinalis
1012 4445 1142 4513 dicatur
1165 4446 1206 4513 do
1230 4446 1355 4514 saumis
1384 4444 1429 4512 ad
1459 4453 1608 4513 sancum

514 4677 535 4745 ¹)
553 4676 669 4732 &sun
