3792 5375
775 461 1000 524 ..91-

280 654 380 738 jesus
403 654 579 739 discipulos
608 655 732 721 sinon(n
777 651 933 719 Homelia
963 653 1111 740 ejusdem
1142 653 1233 721 beati
1262 653 1483 723 hieronimill)
1510 673 1732 727 ‹amah-¹¹7³!-

291 756 481 823 Luminaria
508 767 694 843 augeantur
723 758 788 826 duo
818 768 897 827 ante
927 780 1020 826 aram
1051 768 1084 827 et
1114 769 1203 828 retro
1233 761 1393 829 similiter.
1438 761 1482 829 In
1510 762 1538 804 θ)
1555 761 1620 804 ¹²¹*
1636 763 1721 817 ¹¹⁹¹·

289 862 442 930 laudibus
465 864 658 951 antiphona,
683 868 756 933 Hoc
778 880 827 934 est
842 880 1060 954 pracceptum
1084 893 1203 949 strettun,
1226 875 1261 936 et
1275 868 1372 950 aliae,
1395 890 1482 956 qaas

289 979 479 1055 sequuntur.
509 971 650 1054 Yurnus,
676 976 792 1040 Antra
808 976 889 1056 lucr,
914 973 1114 1060 autiphomr3
1137 978 1299 1045 Sarrctnnr
1315 988 1349 1043 et
1362 999 1480 1045 ererum

290 1081 407 1145 linurin.
455 1077 687 1145 llatutiualem
718 1081 868 1161 missam,
904 1081 932 1146 si
963 1081 1062 1147 suerit
1095 1080 1167 1149 dies
1193 1080 1404 1166 Dominicua,
1439 1081 1481 1150 de

288 1186 360 1271 ipsa
384 1185 490 1269 dicat,
521 1184 740 1271 adjungentes
769 1185 940 1253 collectam
971 1187 1212 1274 apostolorum,
1243 1190 1373 1257 sivero
1402 1210 1479 1275 non,

288 1315 326 1357 ex
352 1292 509 1377 apostolis
532 1301 641 1377 agant.
689 1294 747 1360 Ad
775 1295 932 1380 rusjorem
964 1295 1032 1362 sint
1060 1316 1174 1363 omnes
1206 1294 1349 1363 laetitae
1378 1304 1479 1383 atqua

287 1399 476 1465 sacerdotes
497 1400 533 1466 in
556 1401 679 1487 capnpis
711 1399 906 1467 Luminaria
929 1408 1057 1488 septem
1079 1408 1159 1469 aute
1181 1401 1288 1469 altaro
1310 1424 1385 1470 canu
1400 1402 1478 1487 illis,

287 1527 372 1591 prae
388 1508 537 1574 conversi
552 1507 714 1577 deserunt.
746 1507 911 1590 Ollicium,
934 1511 1109 1596 Sapientia
1124 1523 1325 1580 sanctornm.
1348 1507 1477 1593 Oratio,

1590 834 1641 876 iffi.

288 1616 388 1693 Dens,
414 1618 508 1702 np‘ns
530 1619 680 1683 rientem.
727 1613 893 1701 Epistola,
917 1617 971 1682 Hi
991 1630 1069 1684 snnt
1090 1619 1162 1685 riri
1183 1616 1479 1685 »ainricordnetel
1508 1635 1532 1678 tr>
1550 1633 1625 1678 meu
1640 1636 1729 1690 mv.

287 1718 555 1805 Responsorium,
578 1719 755 1794 Jnstornrn
778 1728 921 1791 atrimae.
969 1726 1132 1813 Allelnja.
1178 1725 1275 1802 Justi
1295 1726 1475 1811 epulentur.

286 1825 512 1911 Evaungelium,
538 1831 651 1907 Drssit
672 1832 824 1897 dominns
842 1832 954 1917 jesus.
1000 1828 1227 1913 Offeuendam,
1256 1832 1475 1902 nennium

284 1931 488 2016 Communia,
511 1932 687 2008 Justornm
712 1939 854 2004 atrimae.
894 1935 953 2002 Ad
975 1958 1148 2023 vesperum
1171 1936 1353 2024 antiphona
1376 1958 1476 2025 anper

284 2039 438 2125 psalmos,
471 2044 611 2130 Virgnnr
634 2047 772 2111 virtutis
798 2057 885 2114 tnnc.
935 2044 1084 2113 collocet.
1139 2046 1307 2112 Venientes
1334 2050 1474 2114 venient.

285 2149 514 2234 &usmetum
539 2150 683 2236 quinque
699 2150 784 2216 cerei
801 2157 878 2217 aute
895 2172 1001 2235 aram,
1025 2159 1206 2218 retrorsum
1221 2159 1300 2222 tres.
1331 2152 1473 2234 Ymnus,

283 2257 401 2323 Aurea
425 2260 505 2324 lnce.
553 2255 758 2342 Antiplrona,
790 2260 855 2325 Isti
875 2272 954 2325 snnt
975 2261 1063 2326 darae
1084 2262 1193 2326 elisiae
1214 2272 1248 2326 et
1267 2260 1333 2327 dno
1355 2264 1473 2349 canda·-

281 2366 391 2432 lubrn.
438 2361 589 2444 Oremus,
615 2368 717 2445 Dens,
742 2368 835 2451 cnjus
857 2368 999 2458 dextero
1022 2372 1057 2431 et
1079 2371 1234 2451 repetant
1255 2365 1472 2453 antiphonam

281 2471 387 2536 suncti
410 2470 571 2538 martialis
594 2471 792 2538 confessoris
814 2469 929 2538 christi
954 2479 988 2537 et
1010 2470 1164 2558 discipuli
1185 2470 1275 2539 beati
1292 2473 1377 2560 petri
1392 2494 1472 2560 apo·

280 2577 364 2646 stoli.
396 2576 438 2645 In
461 2581 606 2646 crastino
630 2586 732 2664 agant
754 2578 928 2645 duodecim
950 2576 1113 2645 lectiones
1128 2576 1171 2645 de
1186 2577 1357 2663 praedicto
1371 2577 1471 2649 beato

280 2686 365 2753 sicut
387 2708 458 2753 mos
480 2694 531 2754 est
553 2709 652 2772 agere
675 2687 708 2753 iu
732 2685 955 2754 consessorum
978 2685 1141 2758 natilitio.

369 2791 445 2859 XC.
470 2791 510 2859 Iu
536 2792 752 2867 translatione
775 2794 882 2860 sancti
905 2794 1012 2879 patris
1035 2795 1141 2862 nostri

280 2898 453 2967 lueneclicti.
501 2898 585 2965 Post
614 2920 733 2965 nonam
765 2900 927 2967 adornent
950 2899 1182 2986 presbiterium
1209 2912 1311 2988 atque
1333 2902 1469 2970 chorum

279 3016 311 3071 et
335 3006 582 3090 circumponunt
605 3005 773 3089 bancalia,
796 3009 830 3074 iu
855 3007 1014 3075 formulas
1037 3009 1174 3093 tapetia
1220 3007 1329 3096 Super
1350 3010 1469 3077 altaria

278 3121 386 3179 tentes
410 3134 522 3179 omnes
546 3121 706 3181 coornent
729 3123 762 3181 et
785 3122 853 3181 tres
883 3135 999 3181 cruces
1026 3137 1145 3182 aureas
1166 3115 1387 3184 instrumento
1408 3115 1469 3202 lia·

276 3241 404 3290 uorum.
440 3218 563 3286 Omnes
587 3241 729 3308 uanique
752 3219 867 3287 arulae
890 3221 1123 3308 cooperiantur
1146 3222 1260 3290 sericis
1282 3222 1333 3290 rel
1346 3222 1468 3310 palliis.

278 3326 334 3393 Ad
359 3347 527 3413 uesperam
552 3327 696 3414 quinque
718 3327 896 3395 luminaria
918 3336 997 3397 anto
1013 3329 1130 3410 altare,
1154 3337 1189 3396 et
1203 3330 1270 3397 tris
1283 3337 1384 3414 retro,
1407 3352 1470 3418 per

1596 1709 1633 1749 1⁰.

276 3456 376 3501 unum
392 3434 422 3523 ][
439 3432 594 3520 quodque
610 3457 651 3502 ex
673 3435 748 3501 aliis
764 3457 876 3519 uuum,
897 3456 985 3522 quae
1000 3436 1089 3503 circa
1103 3443 1182 3504 snut
1196 3436 1307 3525 sitsu')
1328 3435 1466 3524 Capita
1582 3485 1590 3498 .

275 3543 354 3624 lum,
366 3543 504 3619 Jnsnnn
513 3546 824 3610 ‹irdrrxitdonrnrnu
842 3541 1115 3628 Responsorinm,
1127 3545 1467 3613 Sanctnsdenedictns
1590 3636 1595 3641 ⁶

270 3653 350 3735 plats
372 3654 521 3735 appetiit,
547 3656 579 3717 et
604 3649 760 3716 sacerdos
783 3650 827 3715 sit
849 3650 883 3716 in
907 3672 1028 3738 cappa,
1050 3650 1107 3737 qui
1123 3649 1327 3718 circumdent
1345 3649 1467 3719 altaria

274 3757 417 3825 incenso.
457 3755 598 3838 Yrunus,
626 3759 758 3824 Christe
779 3771 982 3824 sanctornm.
1018 3756 1224 3842 Antiphona,
1248 3760 1488 3827 Eunaeum·-

275 3868 377 3946 ninnr,
402 3872 436 3930 et
460 3862 689 3948 triumphetur,
713 3863 850 3930 honest
873 3862 1068 3948 triplicetur.
1106 3860 1236 3948 Oratio,
1259 3867 1463 3933 Intercessio.

274 3968 331 4035 Ad
348 3971 523 4037 stationem
547 3970 802 4057 responsorium,
828 3973 1048 4038 Sanctissime
1064 3975 1245 4055 cutrsessor.
1269 3968 1463 4054 collectan,

275 4079 365 4157 Ornos
389 4125 701 4146 ..........
749 4075 806 4143 Ad
836 4077 1030 4143 vitatorium
1053 4075 1119 4143 duo
1143 4075 1264 4144 tratres
1285 4076 1465 4145 induantur

272 4184 387 4269 cappis
410 4183 454 4249 ad
482 4183 745 4262 decantandum,
788 4184 1021 4270 (rnrj'rssornnr
1044 4206 1169 4270 regem.
1217 4181 1300 4250 'l'res
1326 4182 1463 4253 meleto

273 4292 339 4356 >int
362 4298 440 4356 aute
463 4290 587 4373 altare,
626 4300 660 4358 et
687 4301 776 4357 retra
802 4310 880 4359 uua.
927 4289 1075 4374 anuus,
1108 4292 1240 4358 Christe
1260 4303 1463 4359 sanemur.

274 4395 449 4464 Lectiones
476 4404 552 4465 octo
582 4396 624 4465 do
653 4398 756 4483 ipsius
791 4396 1086 4463 transmutationis.
1140 4395 1333 4482 Antiphone
1362 4402 1462 4481 atque

363 4627 385 4697 ¹)
404 4627 437 4683 ln
456 4635 551 4686 testu:
571 4628 685 4698 ,utrae
