<?xml version="1.0" encoding="UTF-8"?>
<!DOCTYPE html PUBLIC "-//W3C//DTD XHTML 1.0 Transitional//EN"
    "http://www.w3.org/TR/xhtml1/DTD/xhtml1-transitional.dtd">
<html xmlns="http://www.w3.org/1999/xhtml" xml:lang="en" lang="en">
 <head>
  <title>
</title>
<meta http-equiv="Content-Type" content="text/html;charset=utf-8" />
  <meta name='ocr-system' content='tesseract 3.04.00' />
  <meta name='ocr-capabilities' content='ocr_page ocr_carea ocr_par ocr_line ocrx_word'/>
</head>
<body>
  <div class='ocr_page' id='page_1' title='image "./consuetudinesmo00albegoog_0254.png"; bbox 0 0 3792 5375; ppageno 0'>
   <div class='ocr_carea' id='block_1_1' title="bbox 808 497 1056 560">
    <p class='ocr_par' dir='ltr' id='par_1_1' title="bbox 808 497 1056 560">
     <span class='ocr_line' id='line_1_1' title="bbox 808 497 1056 560; baseline 0.004 -1"><span class='ocrx_word' id='word_1_1' title='bbox 808 497 1056 560; x_wconf 74' lang='lat'>-143-</span> 
     </span>
    </p>
   </div>
   <div class='ocr_carea' id='block_1_2' title="bbox 337 684 1530 1206">
    <p class='ocr_par' dir='ltr' id='par_1_2' title="bbox 337 684 1530 1206">
     <span class='ocr_line' id='line_1_2' title="bbox 337 684 1528 776; baseline -0.004 -16"><span class='ocrx_word' id='word_1_2' title='bbox 337 693 435 760; x_wconf 88' lang='lat' dir='ltr'><strong>trium</strong></span> <span class='ocrx_word' id='word_1_3' title='bbox 465 690 598 776; x_wconf 80' lang='lat' dir='ltr'><strong>adjectu</strong></span> <span class='ocrx_word' id='word_1_4' title='bbox 627 689 800 757; x_wconf 78' lang='lat' dir='ltr'><strong>latitudine</strong></span> <span class='ocrx_word' id='word_1_5' title='bbox 831 688 1008 773; x_wconf 71' lang='lat' dir='ltr'>digitorum</span> <span class='ocrx_word' id='word_1_6' title='bbox 1039 686 1161 755; x_wconf 85' lang='lat' dir='ltr'><strong>babeat</strong></span> <span class='ocrx_word' id='word_1_7' title='bbox 1197 684 1319 774; x_wconf 88' lang='lat' dir='ltr'><strong>pedem</strong></span> <span class='ocrx_word' id='word_1_8' title='bbox 1347 685 1528 755; x_wconf 75' lang='lat' dir='ltr'><strong>dimidium</strong></span> 
     </span>
     <span class='ocr_line' id='line_1_3' title="bbox 339 793 1529 884; baseline -0.004 -19"><span class='ocrx_word' id='word_1_9' title='bbox 339 798 543 878; x_wconf 83' lang='lat' dir='ltr'><strong>Femoroliu,</strong></span> <span class='ocrx_word' id='word_1_10' title='bbox 575 820 659 884; x_wconf 69' lang='lat' dir='ltr'><strong>(pune</strong></span> <span class='ocrx_word' id='word_1_11' title='bbox 681 806 814 865; x_wconf 87' lang='lat' dir='ltr'><strong>sanctus</strong></span> <span class='ocrx_word' id='word_1_12' title='bbox 836 796 1029 864; x_wconf 81' lang='lat' dir='ltr'><strong>benedictus</strong></span> <span class='ocrx_word' id='word_1_13' title='bbox 1059 797 1222 865; x_wconf 73' lang='lat' dir='ltr'><strong>concessit</strong></span> <span class='ocrx_word' id='word_1_14' title='bbox 1252 797 1318 863; x_wconf 91' lang='lat' dir='ltr'><strong>iter</strong></span> <span class='ocrx_word' id='word_1_15' title='bbox 1346 793 1529 879; x_wconf 79' lang='lat' dir='ltr'><strong>agentibus,</strong></span> 
     </span>
     <span class='ocr_line' id='line_1_4' title="bbox 338 899 1530 991; baseline -0.001 -22"><span class='ocrx_word' id='word_1_16' title='bbox 338 907 413 991; x_wconf 86' lang='lat' dir='ltr'><strong>quin</strong></span> <span class='ocrx_word' id='word_1_17' title='bbox 438 926 526 970; x_wconf 89' lang='lat' dir='ltr'><strong>nunc</strong></span> <span class='ocrx_word' id='word_1_18' title='bbox 550 906 706 991; x_wconf 89' lang='lat' dir='ltr'><strong>temporis</strong></span> <span class='ocrx_word' id='word_1_19' title='bbox 730 906 889 971; x_wconf 88' lang='lat' dir='ltr'><strong>incertum</strong></span> <span class='ocrx_word' id='word_1_20' title='bbox 914 904 1042 989; x_wconf 89' lang='lat' dir='ltr'><strong>estqui</strong></span> <span class='ocrx_word' id='word_1_21' title='bbox 1067 902 1117 972; x_wconf 83' lang='lat' dir='ltr'><strong>rel</strong></span> <span class='ocrx_word' id='word_1_22' title='bbox 1148 903 1241 990; x_wconf 89' lang='lat' dir='ltr'><strong>qnuli</strong></span> <span class='ocrx_word' id='word_1_23' title='bbox 1270 910 1419 987; x_wconf 88' lang='lat' dir='ltr'><strong>ternpore</strong></span> <span class='ocrx_word' id='word_1_24' title='bbox 1449 899 1530 969; x_wconf 81' lang='lat' dir='ltr'><strong>foris</strong></span> 
     </span>
     <span class='ocr_line' id='line_1_5' title="bbox 339 1007 1530 1094; baseline -0.001 -17"><span class='ocrx_word' id='word_1_25' title='bbox 339 1012 527 1093; x_wconf 76' lang='lat' dir='ltr'><strong>mittantur,</strong></span> <span class='ocrx_word' id='word_1_26' title='bbox 558 1011 707 1078; x_wconf 90' lang='lat' dir='ltr'><strong>omnibus</strong></span> <span class='ocrx_word' id='word_1_27' title='bbox 737 1011 979 1093; x_wconf 88' lang='lat' dir='ltr'><strong>conceduntur,</strong></span> <span class='ocrx_word' id='word_1_28' title='bbox 1009 1011 1122 1078; x_wconf 84' lang='lat' dir='ltr'><strong>taliter</strong></span> <span class='ocrx_word' id='word_1_29' title='bbox 1150 1016 1401 1094; x_wconf 75' lang='lat' dir='ltr'><strong>mensurentur,</strong></span> <span class='ocrx_word' id='word_1_30' title='bbox 1432 1007 1530 1077; x_wconf 89' lang='lat' dir='ltr'><strong>utin</strong></span> 
     </span>
     <span class='ocr_line' id='line_1_6' title="bbox 339 1116 1530 1206; baseline -0.002 -21"><span class='ocrx_word' id='word_1_31' title='bbox 339 1118 542 1203; x_wconf 81' lang='lat' dir='ltr'><strong>longitudine</strong></span> <span class='ocrx_word' id='word_1_32' title='bbox 579 1119 708 1204; x_wconf 79' lang='lat' dir='ltr'>corpori</span> <span class='ocrx_word' id='word_1_33' title='bbox 744 1119 872 1206; x_wconf 83' lang='lat' dir='ltr'><strong>possint</strong></span> <span class='ocrx_word' id='word_1_34' title='bbox 909 1118 1143 1186; x_wconf 77' lang='lat' dir='ltr'><strong>conuenienter</strong></span> <span class='ocrx_word' id='word_1_35' title='bbox 1178 1118 1307 1204; x_wconf 81' lang='lat' dir='ltr'><strong>aptari,</strong></span> <span class='ocrx_word' id='word_1_36' title='bbox 1353 1116 1530 1184; x_wconf 85' lang='lat' dir='ltr'><strong>latitudine</strong></span> 
     </span>
    </p>
   </div>
   <div class='ocr_carea' id='block_1_3' title="bbox 340 1220 1641 1312">
    <p class='ocr_par' dir='ltr' id='par_1_3' title="bbox 340 1220 1641 1312">
     <span class='ocr_line' id='line_1_7' title="bbox 340 1220 1641 1312; baseline 0 -23"><span class='ocrx_word' id='word_1_37' title='bbox 340 1247 416 1293; x_wconf 77' lang='lat' dir='ltr'><strong>sero</strong></span> <span class='ocrx_word' id='word_1_38' title='bbox 439 1248 518 1311; x_wconf 85' lang='lat' dir='ltr'><strong>pars</strong></span> <span class='ocrx_word' id='word_1_39' title='bbox 542 1234 699 1312; x_wconf 78' lang='lat' dir='ltr'><strong>utreque,</strong></span> <span class='ocrx_word' id='word_1_40' title='bbox 729 1226 815 1292; x_wconf 87' lang='lat' dir='ltr'><strong>sicut</strong></span> <span class='ocrx_word' id='word_1_41' title='bbox 842 1245 914 1291; x_wconf 87' lang='lat' dir='ltr'><strong>esse</strong></span> <span class='ocrx_word' id='word_1_42' title='bbox 945 1225 1029 1292; x_wconf 87' lang='lat' dir='ltr'><strong>solet</strong></span> <span class='ocrx_word' id='word_1_43' title='bbox 1052 1224 1164 1311; x_wconf 89' lang='lat' dir='ltr'><strong>dupla,</strong></span> <span class='ocrx_word' id='word_1_44' title='bbox 1189 1222 1337 1291; x_wconf 85' lang='lat' dir='ltr'><strong>cubitum</strong></span> <span class='ocrx_word' id='word_1_45' title='bbox 1359 1220 1531 1309; x_wconf 85' lang='lat' dir='ltr'><strong>usquead</strong></span> <span class='ocrx_word' id='word_1_46' title='bbox 1638 1245 1641 1251; x_wconf 91' lang='lat'>·</span> 
     </span>
    </p>
   </div>
   <div class='ocr_carea' id='block_1_4' title="bbox 338 1330 1533 2492">
    <p class='ocr_par' dir='ltr' id='par_1_4' title="bbox 338 1330 1533 2492">
     <span class='ocr_line' id='line_1_8' title="bbox 338 1330 1532 1419; baseline 0.002 -23"><span class='ocrx_word' id='word_1_47' title='bbox 338 1333 488 1419; x_wconf 78' lang='lat' dir='ltr'>pollicem</span> <span class='ocrx_word' id='word_1_48' title='bbox 513 1331 633 1399; x_wconf 83' lang='lat' dir='ltr'><strong>hubent</strong></span> <span class='ocrx_word' id='word_1_49' title='bbox 654 1334 725 1419; x_wconf 82' lang='lat' dir='ltr'><strong>jum</strong></span> <span class='ocrx_word' id='word_1_50' title='bbox 748 1340 897 1400; x_wconf 80' lang='lat' dir='ltr'><strong>consuta.</strong></span> <span class='ocrx_word' id='word_1_51' title='bbox 924 1331 975 1399; x_wconf 81' lang='lat' dir='ltr'><strong>At</strong></span> <span class='ocrx_word' id='word_1_52' title='bbox 997 1353 1075 1398; x_wconf 82' lang='lat' dir='ltr'><strong>sero</strong></span> <span class='ocrx_word' id='word_1_53' title='bbox 1098 1330 1203 1417; x_wconf 76' lang='lat' dir='ltr'><strong>selige</strong></span> <span class='ocrx_word' id='word_1_54' title='bbox 1226 1331 1346 1417; x_wconf 89' lang='lat' dir='ltr'><strong>pedem</strong></span> <span class='ocrx_word' id='word_1_55' title='bbox 1367 1331 1532 1416; x_wconf 75' lang='lat' dir='ltr'><strong>integrum</strong></span> 
     </span>
     <span class='ocr_line' id='line_1_9' title="bbox 339 1437 1533 1526; baseline -0.003 -20"><span class='ocrx_word' id='word_1_56' title='bbox 339 1442 487 1526; x_wconf 89' lang='lat' dir='ltr'><strong>superius</strong></span> <span class='ocrx_word' id='word_1_57' title='bbox 522 1438 667 1507; x_wconf 88' lang='lat' dir='ltr'><strong>hubeant</strong></span> <span class='ocrx_word' id='word_1_58' title='bbox 689 1441 757 1526; x_wconf 90' lang='lat' dir='ltr'><strong>jum</strong></span> <span class='ocrx_word' id='word_1_59' title='bbox 780 1446 955 1518; x_wconf 83' lang='lat' dir='ltr'><strong>consutus,</strong></span> <span class='ocrx_word' id='word_1_60' title='bbox 986 1460 1072 1526; x_wconf 78' lang='lat' dir='ltr'><strong>quoe</strong></span> <span class='ocrx_word' id='word_1_61' title='bbox 1103 1438 1186 1506; x_wconf 86' lang='lat' dir='ltr'><strong>fiant</strong></span> <span class='ocrx_word' id='word_1_62' title='bbox 1212 1437 1314 1506; x_wconf 83' lang='lat' dir='ltr'><strong>etism</strong></span> <span class='ocrx_word' id='word_1_63' title='bbox 1336 1437 1472 1524; x_wconf 74' lang='lat' dir='ltr'><strong>longae,</strong></span> <span class='ocrx_word' id='word_1_64' title='bbox 1494 1442 1533 1503; x_wconf 88' lang='lat' dir='ltr'><strong>nt</strong></span> 
     </span>
     <span class='ocr_line' id='line_1_10' title="bbox 339 1543 1532 1635; baseline -0.003 -22"><span class='ocrx_word' id='word_1_65' title='bbox 339 1546 518 1614; x_wconf 80' lang='lat' dir='ltr'><strong>seeundum</strong></span> <span class='ocrx_word' id='word_1_66' title='bbox 543 1556 704 1613; x_wconf 78' lang='lat' dir='ltr'><strong>staturam</strong></span> <span class='ocrx_word' id='word_1_67' title='bbox 728 1545 868 1612; x_wconf 87' lang='lat' dir='ltr'><strong>hominis</strong></span> <span class='ocrx_word' id='word_1_68' title='bbox 890 1546 918 1635; x_wconf 89' lang='grc'><strong>][</strong></span> <span class='ocrx_word' id='word_1_69' title='bbox 941 1543 1030 1632; x_wconf 89' lang='lat' dir='ltr'><strong>quod</strong></span> <span class='ocrx_word' id='word_1_70' title='bbox 1053 1545 1088 1612; x_wconf 91' lang='lat' dir='ltr'><strong>in</strong></span> <span class='ocrx_word' id='word_1_71' title='bbox 1111 1544 1263 1612; x_wconf 88' lang='lat' dir='ltr'><strong>omuibus</strong></span> <span class='ocrx_word' id='word_1_72' title='bbox 1286 1543 1532 1632; x_wconf 77' lang='lat' dir='ltr'><strong>procurandum</strong></span> 
     </span>
     <span class='ocr_line' id='line_1_11' title="bbox 340 1651 1533 1739; baseline -0.003 -18"><span class='ocrx_word' id='word_1_73' title='bbox 340 1662 391 1721; x_wconf 91' lang='lat' dir='ltr'><strong>est</strong></span> <span class='ocrx_word' id='word_1_74' title='bbox 414 1655 617 1720; x_wconf 83' lang='lat' dir='ltr'><strong>vestimentis</strong></span> <span class='ocrx_word' id='word_1_75' title='bbox 640 1652 789 1720; x_wconf 73' lang='lat' dir='ltr'><strong>erunibus</strong></span> <span class='ocrx_word' id='word_1_76' title='bbox 805 1654 1039 1720; x_wconf 79' lang='lat' dir='ltr'><strong>conuenienter</strong></span> <span class='ocrx_word' id='word_1_77' title='bbox 1053 1660 1220 1739; x_wconf 88' lang='lat' dir='ltr'><strong>aptentur,</strong></span> <span class='ocrx_word' id='word_1_78' title='bbox 1244 1673 1332 1739; x_wconf 77' lang='lat' dir='ltr'><strong>quse</strong></span> <span class='ocrx_word' id='word_1_79' title='bbox 1347 1651 1390 1720; x_wconf 87' lang='lat' dir='ltr'><strong>de</strong></span> <span class='ocrx_word' id='word_1_80' title='bbox 1405 1673 1533 1719; x_wconf 86' lang='lat' dir='ltr'><strong>summo</strong></span> 
     </span>
     <span class='ocr_line' id='line_1_12' title="bbox 340 1757 1532 1847; baseline -0.001 -20"><span class='ocrx_word' id='word_1_81' title='bbox 340 1783 442 1846; x_wconf 87' lang='lat' dir='ltr'><strong>usque</strong></span> <span class='ocrx_word' id='word_1_82' title='bbox 465 1760 509 1827; x_wconf 85' lang='lat' dir='ltr'><strong>ad</strong></span> <span class='ocrx_word' id='word_1_83' title='bbox 534 1760 651 1846; x_wconf 89' lang='lat' dir='ltr'><strong>pedem</strong></span> <span class='ocrx_word' id='word_1_84' title='bbox 667 1760 779 1827; x_wconf 86' lang='lat' dir='ltr'><strong>taliter</strong></span> <span class='ocrx_word' id='word_1_85' title='bbox 794 1760 1074 1845; x_wconf 76' lang='lat' dir='ltr'><strong>constringantur,</strong></span> <span class='ocrx_word' id='word_1_86' title='bbox 1098 1769 1133 1826; x_wconf 90' lang='lat' dir='ltr'><strong>nt</strong></span> <span class='ocrx_word' id='word_1_87' title='bbox 1156 1782 1231 1826; x_wconf 86' lang='lat' dir='ltr'><strong>eum</strong></span> <span class='ocrx_word' id='word_1_88' title='bbox 1247 1759 1399 1847; x_wconf 80' lang='lat' dir='ltr'><strong>superins</strong></span> <span class='ocrx_word' id='word_1_89' title='bbox 1413 1757 1532 1846; x_wconf 84' lang='lat' dir='ltr'><strong>pedem</strong></span> 
     </span>
     <span class='ocr_line' id='line_1_13' title="bbox 339 1865 1532 1953; baseline 0 -20"><span class='ocrx_word' id='word_1_90' title='bbox 339 1867 460 1933; x_wconf 78' lang='lat' dir='ltr'><strong>liabent</strong></span> <span class='ocrx_word' id='word_1_91' title='bbox 484 1869 657 1953; x_wconf 77' lang='lat' dir='ltr'><strong>integrum,</strong></span> <span class='ocrx_word' id='word_1_92' title='bbox 680 1865 816 1934; x_wconf 80' lang='lat' dir='ltr'><strong>inferius</strong></span> <span class='ocrx_word' id='word_1_93' title='bbox 839 1866 1021 1935; x_wconf 85' lang='lat' dir='ltr'><strong>dimidium.</strong></span> <span class='ocrx_word' id='word_1_94' title='bbox 1059 1865 1163 1936; x_wconf 81' lang='lat' dir='ltr'><strong>Gesta</strong></span> <span class='ocrx_word' id='word_1_95' title='bbox 1186 1866 1314 1953; x_wconf 77' lang='lat' dir='ltr'><strong>cnligne</strong></span> <span class='ocrx_word' id='word_1_96' title='bbox 1337 1888 1411 1933; x_wconf 86' lang='lat' dir='ltr'><strong>enm</strong></span> <span class='ocrx_word' id='word_1_97' title='bbox 1434 1865 1532 1935; x_wconf 76' lang='lat' dir='ltr'><strong>merit</strong></span> 
     </span>
     <span class='ocr_line' id='line_1_14' title="bbox 339 1973 1531 2061; baseline -0.002 -20"><span class='ocrx_word' id='word_1_98' title='bbox 339 1982 452 2041; x_wconf 85' lang='lat' dir='ltr'><strong>assuto</strong></span> <span class='ocrx_word' id='word_1_99' title='bbox 482 1974 583 2042; x_wconf 88' lang='lat' dir='ltr'><strong>debet</strong></span> <span class='ocrx_word' id='word_1_100' title='bbox 612 1995 684 2041; x_wconf 90' lang='lat' dir='ltr'><strong>esse</strong></span> <span class='ocrx_word' id='word_1_101' title='bbox 714 1983 783 2041; x_wconf 82' lang='lat' dir='ltr'><strong>tam</strong></span> <span class='ocrx_word' id='word_1_102' title='bbox 811 1974 911 2060; x_wconf 78' lang='lat' dir='ltr'><strong>longa</strong></span> <span class='ocrx_word' id='word_1_103' title='bbox 941 1996 1007 2060; x_wconf 91' lang='lat' dir='ltr'><strong>quo</strong></span> <span class='ocrx_word' id='word_1_104' title='bbox 1036 1975 1143 2061; x_wconf 85' lang='lat' dir='ltr'><strong>possit</strong></span> <span class='ocrx_word' id='word_1_105' title='bbox 1172 1974 1259 2041; x_wconf 88' lang='lat' dir='ltr'><strong>intra</strong></span> <span class='ocrx_word' id='word_1_106' title='bbox 1291 1995 1437 2060; x_wconf 78' lang='lat' dir='ltr'><strong>pugnum</strong></span> <span class='ocrx_word' id='word_1_107' title='bbox 1461 1973 1531 2041; x_wconf 85' lang='lat' dir='ltr'><strong>fieri</strong></span> 
     </span>
     <span class='ocr_line' id='line_1_15' title="bbox 340 2079 1531 2167; baseline 0 -19"><span class='ocrx_word' id='word_1_108' title='bbox 340 2082 535 2161; x_wconf 80' lang='lat' dir='ltr'><strong>constricta3</strong></span> <span class='ocrx_word' id='word_1_109' title='bbox 570 2081 671 2148; x_wconf 88' lang='lat' dir='ltr'><strong>cnlcei</strong></span> <span class='ocrx_word' id='word_1_110' title='bbox 707 2080 899 2164; x_wconf 80' lang='lat' dir='ltr'><strong>altitudine,</strong></span> <span class='ocrx_word' id='word_1_111' title='bbox 939 2088 1071 2167; x_wconf 86' lang='lat' dir='ltr'><strong>praeter</strong></span> <span class='ocrx_word' id='word_1_112' title='bbox 1105 2079 1251 2167; x_wconf 71' lang='lat' dir='ltr'><strong>lymbum</strong></span> <span class='ocrx_word' id='word_1_113' title='bbox 1286 2081 1342 2167; x_wconf 83' lang='lat' dir='ltr'><strong>qui</strong></span> <span class='ocrx_word' id='word_1_114' title='bbox 1377 2081 1531 2164; x_wconf 85' lang='lat' dir='ltr'><strong>assuitur,</strong></span> 
     </span>
     <span class='ocr_line' id='line_1_16' title="bbox 340 2188 1533 2277; baseline 0.003 -23"><span class='ocrx_word' id='word_1_115' title='bbox 340 2189 463 2258; x_wconf 79' lang='lat' dir='ltr'><strong>trubent</strong></span> <span class='ocrx_word' id='word_1_116' title='bbox 486 2188 605 2274; x_wconf 88' lang='lat' dir='ltr'><strong>pedem</strong></span> <span class='ocrx_word' id='word_1_117' title='bbox 621 2188 800 2272; x_wconf 89' lang='lat' dir='ltr'><strong>dimidium,</strong></span> <span class='ocrx_word' id='word_1_118' title='bbox 825 2189 984 2256; x_wconf 81' lang='lat' dir='ltr'><strong>anteriori</strong></span> <span class='ocrx_word' id='word_1_119' title='bbox 999 2210 1077 2256; x_wconf 84' lang='lat' dir='ltr'><strong>sero</strong></span> <span class='ocrx_word' id='word_1_120' title='bbox 1093 2195 1189 2277; x_wconf 85' lang='lat' dir='ltr'><strong>parte</strong></span> <span class='ocrx_word' id='word_1_121' title='bbox 1205 2188 1416 2256; x_wconf 85' lang='lat' dir='ltr'><strong>latitudinem</strong></span> <span class='ocrx_word' id='word_1_122' title='bbox 1432 2189 1533 2257; x_wconf 84' lang='lat' dir='ltr'><strong>trium</strong></span> 
     </span>
     <span class='ocr_line' id='line_1_17' title="bbox 341 2294 1533 2383; baseline -0.001 -21"><span class='ocrx_word' id='word_1_123' title='bbox 341 2296 516 2381; x_wconf 80' lang='lat' dir='ltr'><strong>digitorum</strong></span> <span class='ocrx_word' id='word_1_124' title='bbox 540 2294 655 2362; x_wconf 80' lang='lat' dir='ltr'><strong>nodos</strong></span> <span class='ocrx_word' id='word_1_125' title='bbox 703 2295 846 2363; x_wconf 88' lang='lat' dir='ltr'><strong>Pedules</strong></span> <span class='ocrx_word' id='word_1_126' title='bbox 869 2294 1018 2363; x_wconf 90' lang='lat' dir='ltr'><strong>similiter</strong></span> <span class='ocrx_word' id='word_1_127' title='bbox 1041 2295 1221 2363; x_wconf 87' lang='lat' dir='ltr'><strong>mensurati</strong></span> <span class='ocrx_word' id='word_1_128' title='bbox 1245 2295 1322 2378; x_wconf 89' lang='lat' dir='ltr'><strong>sint,</strong></span> <span class='ocrx_word' id='word_1_129' title='bbox 1346 2302 1383 2363; x_wconf 90' lang='lat' dir='ltr'><strong>ut</strong></span> <span class='ocrx_word' id='word_1_130' title='bbox 1405 2295 1533 2383; x_wconf 84' lang='lat' dir='ltr'><strong>possint</strong></span> 
     </span>
     <span class='ocr_line' id='line_1_18' title="bbox 339 2402 844 2492; baseline 0.006 -23"><span class='ocrx_word' id='word_1_131' title='bbox 339 2403 477 2492; x_wconf 87' lang='lat' dir='ltr'><strong>pedibus</strong></span> <span class='ocrx_word' id='word_1_132' title='bbox 501 2402 703 2470; x_wconf 79' lang='lat' dir='ltr'><strong>sufficienter</strong></span> <span class='ocrx_word' id='word_1_133' title='bbox 725 2403 844 2489; x_wconf 88' lang='lat' dir='ltr'><strong>aptari.</strong></span> 
     </span>
    </p>
   </div>
   <div class='ocr_carea' id='block_1_5' title="bbox 706 2602 1165 2704">
    <p class='ocr_par' dir='ltr' id='par_1_5' title="bbox 706 2602 1165 2704">
     <span class='ocr_line' id='line_1_19' title="bbox 706 2602 1165 2704; baseline -0.002 -27"><span class='ocrx_word' id='word_1_134' title='bbox 706 2602 763 2678; x_wconf 89' lang='lat' dir='ltr'><strong>De</strong></span> <span class='ocrx_word' id='word_1_135' title='bbox 791 2603 913 2704; x_wconf 90' lang='lat' dir='ltr'><strong>priore</strong></span> <span class='ocrx_word' id='word_1_136' title='bbox 943 2602 1165 2679; x_wconf 79' lang='lat' dir='ltr'><strong>monasterii.</strong></span> 
     </span>
    </p>
   </div>
   <div class='ocr_carea' id='block_1_6' title="bbox 342 2760 1539 4026">
    <p class='ocr_par' dir='ltr' id='par_1_6' title="bbox 342 2760 1539 4026">
     <span class='ocr_line' id='line_1_20' title="bbox 430 2760 1535 2850; baseline 0 -21"><span class='ocrx_word' id='word_1_137' title='bbox 430 2762 472 2830; x_wconf 75' lang='lat' dir='ltr'><strong>V.</strong></span> <span class='ocrx_word' id='word_1_138' title='bbox 509 2760 595 2828; x_wconf 86' lang='lat' dir='ltr'><strong>Cum</strong></span> <span class='ocrx_word' id='word_1_139' title='bbox 618 2761 707 2848; x_wconf 88' lang='lat' dir='ltr'><strong>prior</strong></span> <span class='ocrx_word' id='word_1_140' title='bbox 730 2761 829 2829; x_wconf 82' lang='lat' dir='ltr'><strong>suerit</strong></span> <span class='ocrx_word' id='word_1_141' title='bbox 851 2762 976 2829; x_wconf 87' lang='lat' dir='ltr'><strong>electus</strong></span> <span class='ocrx_word' id='word_1_142' title='bbox 999 2761 1057 2828; x_wconf 72' lang='lat' dir='ltr'><strong>nb·</strong></span> <span class='ocrx_word' id='word_1_143' title='bbox 1072 2760 1224 2829; x_wconf 78' lang='lat' dir='ltr'><strong>oninibns</strong></span> <span class='ocrx_word' id='word_1_144' title='bbox 1252 2760 1429 2844; x_wconf 73' lang='lat' dir='ltr'><strong>trabibus,</strong></span> <span class='ocrx_word' id='word_1_145' title='bbox 1458 2767 1535 2850; x_wconf 86' lang='lat' dir='ltr'><strong>post</strong></span> 
     </span>
     <span class='ocr_line' id='line_1_21' title="bbox 342 2867 1534 2955; baseline 0 -19"><span class='ocrx_word' id='word_1_146' title='bbox 342 2868 522 2955; x_wconf 86' lang='lat' dir='ltr'><strong>capitulum</strong></span> <span class='ocrx_word' id='word_1_147' title='bbox 544 2876 681 2953; x_wconf 80' lang='lat' dir='ltr'><strong>surgunt</strong></span> <span class='ocrx_word' id='word_1_148' title='bbox 696 2890 807 2935; x_wconf 86' lang='lat' dir='ltr'><strong>omnes</strong></span> <span class='ocrx_word' id='word_1_149' title='bbox 824 2877 967 2955; x_wconf 84' lang='lat' dir='ltr'><strong>eantque</strong></span> <span class='ocrx_word' id='word_1_150' title='bbox 981 2870 1014 2934; x_wconf 93' lang='lat' dir='ltr'><strong>in</strong></span> <span class='ocrx_word' id='word_1_151' title='bbox 1030 2867 1213 2938; x_wconf 78' lang='lat' dir='ltr'><strong>ecclesiunu</strong></span> <span class='ocrx_word' id='word_1_152' title='bbox 1254 2868 1344 2936; x_wconf 93' lang='lat' dir='ltr'><strong>Dein</strong></span> <span class='ocrx_word' id='word_1_153' title='bbox 1365 2877 1446 2937; x_wconf 89' lang='lat' dir='ltr'><strong>tunc</strong></span> <span class='ocrx_word' id='word_1_154' title='bbox 1468 2868 1534 2949; x_wconf 89' lang='lat' dir='ltr'><strong>ille,</strong></span> 
     </span>
     <span class='ocr_line' id='line_1_22' title="bbox 343 2973 1535 3065; baseline 0 -23"><span class='ocrx_word' id='word_1_155' title='bbox 343 2977 398 3063; x_wconf 87' lang='lat' dir='ltr'><strong>qui</strong></span> <span class='ocrx_word' id='word_1_156' title='bbox 415 2977 562 3043; x_wconf 80' lang='lat' dir='ltr'><strong>exiturus</strong></span> <span class='ocrx_word' id='word_1_157' title='bbox 579 2981 630 3065; x_wconf 87' lang='lat' dir='ltr'><strong>est</strong></span> <span class='ocrx_word' id='word_1_158' title='bbox 645 2973 774 3061; x_wconf 81' lang='lat' dir='ltr'><strong>abipso</strong></span> <span class='ocrx_word' id='word_1_159' title='bbox 791 2997 901 3063; x_wconf 89' lang='lat' dir='ltr'><strong>opere,</strong></span> <span class='ocrx_word' id='word_1_160' title='bbox 918 2976 1010 3043; x_wconf 87' lang='lat' dir='ltr'><strong>dicat</strong></span> <span class='ocrx_word' id='word_1_161' title='bbox 1025 2976 1125 3042; x_wconf 84' lang='lat' dir='ltr'><strong>tertio</strong></span> <span class='ocrx_word' id='word_1_162' title='bbox 1141 2974 1293 3043; x_wconf 90' lang='lat' dir='ltr'><strong>omnibns</strong></span> <span class='ocrx_word' id='word_1_163' title='bbox 1309 2976 1535 3063; x_wconf 66' lang='lat' dir='ltr'><strong>repetentibus</strong></span> 
     </span>
     <span class='ocr_line' id='line_1_23' title="bbox 342 3083 1535 3166; baseline 0.001 -17"><span class='ocrx_word' id='word_1_164' title='bbox 342 3083 428 3149; x_wconf 76' lang='lat' dir='ltr'><strong>lrunc</strong></span> <span class='ocrx_word' id='word_1_165' title='bbox 457 3105 588 3150; x_wconf 79' lang='lat' dir='ltr'><strong>uersum</strong></span> <span class='ocrx_word' id='word_1_166' title='bbox 620 3091 696 3150; x_wconf 88' lang='lat' dir='ltr'><strong>ante</strong></span> <span class='ocrx_word' id='word_1_167' title='bbox 727 3083 850 3164; x_wconf 82' lang='lat' dir='ltr'><strong>altare,</strong></span> <span class='ocrx_word' id='word_1_168' title='bbox 884 3086 1083 3152; x_wconf 78' lang='lat' dir='ltr'><strong>Benedictus</strong></span> <span class='ocrx_word' id='word_1_169' title='bbox 1113 3098 1163 3152; x_wconf 83' lang='lat' dir='ltr'><strong>est</strong></span> <span class='ocrx_word' id='word_1_170' title='bbox 1191 3087 1344 3153; x_wconf 66' lang='lat' dir='ltr'><strong>doetrinae</strong></span> <span class='ocrx_word' id='word_1_171' title='bbox 1373 3088 1471 3166; x_wconf 78' lang='lat' dir='ltr'><strong>dens,</strong></span> <span class='ocrx_word' id='word_1_172' title='bbox 1500 3092 1535 3152; x_wconf 89' lang='lat' dir='ltr'><strong>et</strong></span> 
     </span>
     <span class='ocr_line' id='line_1_24' title="bbox 342 3188 1536 3278; baseline 0.002 -22"><span class='ocrx_word' id='word_1_173' title='bbox 342 3199 480 3277; x_wconf 86' lang='lat' dir='ltr'><strong>accepta</strong></span> <span class='ocrx_word' id='word_1_174' title='bbox 504 3190 733 3258; x_wconf 80' lang='lat' dir='ltr'><strong>benedictione</strong></span> <span class='ocrx_word' id='word_1_175' title='bbox 749 3190 816 3272; x_wconf 85' lang='lat' dir='ltr'><strong>illa,</strong></span> <span class='ocrx_word' id='word_1_176' title='bbox 840 3212 926 3277; x_wconf 86' lang='lat' dir='ltr'><strong>quse</strong></span> <span class='ocrx_word' id='word_1_177' title='bbox 942 3188 1074 3273; x_wconf 88' lang='lat' dir='ltr'><strong>dicitur,</strong></span> <span class='ocrx_word' id='word_1_178' title='bbox 1098 3190 1291 3277; x_wconf 82' lang='lat' dir='ltr'><strong>quando-ab</strong></span> <span class='ocrx_word' id='word_1_179' title='bbox 1308 3191 1421 3278; x_wconf 88' lang='lat' dir='ltr'><strong>aliquo</strong></span> <span class='ocrx_word' id='word_1_180' title='bbox 1436 3210 1536 3278; x_wconf 88' lang='lat' dir='ltr'><strong>opere</strong></span> 
     </span>
     <span class='ocr_line' id='line_1_25' title="bbox 343 3295 1535 3386; baseline 0.001 -22"><span class='ocrx_word' id='word_1_181' title='bbox 343 3299 559 3365; x_wconf 78' lang='lat' dir='ltr'><strong>absolvuntur</strong></span> <span class='ocrx_word' id='word_1_182' title='bbox 588 3298 726 3382; x_wconf 83' lang='lat' dir='ltr'><strong>iratres,</strong></span> <span class='ocrx_word' id='word_1_183' title='bbox 757 3306 790 3364; x_wconf 89' lang='lat' dir='ltr'><strong>et</strong></span> <span class='ocrx_word' id='word_1_184' title='bbox 818 3298 865 3364; x_wconf 88' lang='lat' dir='ltr'><strong>sic</strong></span> <span class='ocrx_word' id='word_1_185' title='bbox 888 3295 1034 3367; x_wconf 84' lang='lat' dir='ltr'><strong>recedet.</strong></span> <span class='ocrx_word' id='word_1_186' title='bbox 1083 3298 1250 3365; x_wconf 87' lang='lat' dir='ltr'><strong>Procedat</strong></span> <span class='ocrx_word' id='word_1_187' title='bbox 1272 3305 1353 3365; x_wconf 88' lang='lat' dir='ltr'><strong>tunc</strong></span> <span class='ocrx_word' id='word_1_188' title='bbox 1374 3297 1449 3381; x_wconf 90' lang='lat' dir='ltr'><strong>ille,</strong></span> <span class='ocrx_word' id='word_1_189' title='bbox 1479 3298 1535 3386; x_wconf 87' lang='lat' dir='ltr'><strong>qni</strong></span> 
     </span>
     <span class='ocr_line' id='line_1_26' title="bbox 343 3404 1537 3487; baseline 0.002 -15"><span class='ocrx_word' id='word_1_190' title='bbox 343 3408 526 3473; x_wconf 83' lang='lat' dir='ltr'><strong>intraturus</strong></span> <span class='ocrx_word' id='word_1_191' title='bbox 557 3414 608 3473; x_wconf 91' lang='lat' dir='ltr'><strong>est</strong></span> <span class='ocrx_word' id='word_1_192' title='bbox 636 3405 670 3472; x_wconf 93' lang='lat' dir='ltr'><strong>in</strong></span> <span class='ocrx_word' id='word_1_193' title='bbox 700 3412 817 3487; x_wconf 85' lang='lat' dir='ltr'><strong>autea,</strong></span> <span class='ocrx_word' id='word_1_194' title='bbox 848 3413 881 3471; x_wconf 87' lang='lat' dir='ltr'><strong>et</strong></span> <span class='ocrx_word' id='word_1_195' title='bbox 912 3404 1001 3472; x_wconf 88' lang='lat' dir='ltr'><strong>dicat</strong></span> <span class='ocrx_word' id='word_1_196' title='bbox 1031 3406 1130 3472; x_wconf 90' lang='lat' dir='ltr'><strong>tertio</strong></span> <span class='ocrx_word' id='word_1_197' title='bbox 1152 3404 1304 3473; x_wconf 88' lang='lat' dir='ltr'><strong>omuibus</strong></span> <span class='ocrx_word' id='word_1_198' title='bbox 1327 3405 1537 3474; x_wconf 80' lang='lat' dir='ltr'><strong>audientibus</strong></span> 
     </span>
     <span class='ocr_line' id='line_1_27' title="bbox 343 3513 1537 3601; baseline 0.001 -22"><span class='ocrx_word' id='word_1_199' title='bbox 343 3513 430 3581; x_wconf 86' lang='lat' dir='ltr'><strong>hunc</strong></span> <span class='ocrx_word' id='word_1_200' title='bbox 453 3535 601 3596; x_wconf 77' lang='lat' dir='ltr'><strong>versum,</strong></span> <span class='ocrx_word' id='word_1_201' title='bbox 629 3515 722 3580; x_wconf 85' lang='lat' dir='ltr'><strong>Dens</strong></span> <span class='ocrx_word' id='word_1_202' title='bbox 745 3517 779 3580; x_wconf 88' lang='lat' dir='ltr'><strong>r&#39;n</strong></span> <span class='ocrx_word' id='word_1_203' title='bbox 802 3514 1007 3601; x_wconf 64' lang='lat' dir='ltr'><strong>ndy&#39;rctorinrn</strong></span> <span class='ocrx_word' id='word_1_204' title='bbox 1031 3536 1139 3580; x_wconf 76' lang='lat' dir='ltr'><strong>rnrenm</strong></span> <span class='ocrx_word' id='word_1_205' title='bbox 1162 3515 1309 3596; x_wconf 78' lang='lat' dir='ltr'><strong>intende,</strong></span> <span class='ocrx_word' id='word_1_206' title='bbox 1341 3519 1376 3581; x_wconf 88' lang='lat' dir='ltr'><strong>et</strong></span> <span class='ocrx_word' id='word_1_207' title='bbox 1398 3522 1537 3601; x_wconf 80' lang='lat' dir='ltr'><strong>occepta</strong></span> 
     </span>
     <span class='ocr_line' id='line_1_28' title="bbox 343 3618 1539 3706; baseline -0.001 -19"><span class='ocrx_word' id='word_1_208' title='bbox 343 3621 399 3687; x_wconf 86' lang='lat' dir='ltr'><strong>illa</strong></span> <span class='ocrx_word' id='word_1_209' title='bbox 421 3618 648 3687; x_wconf 88' lang='lat' dir='ltr'><strong>benedictione</strong></span> <span class='ocrx_word' id='word_1_210' title='bbox 671 3640 756 3705; x_wconf 91' lang='lat' dir='ltr'><strong>quae</strong></span> <span class='ocrx_word' id='word_1_211' title='bbox 780 3618 909 3699; x_wconf 84' lang='lat' dir='ltr'><strong>dicitur,</strong></span> <span class='ocrx_word' id='word_1_212' title='bbox 934 3640 1007 3685; x_wconf 87' lang='lat' dir='ltr'><strong>eum</strong></span> <span class='ocrx_word' id='word_1_213' title='bbox 1031 3619 1064 3686; x_wconf 90' lang='lat' dir='ltr'><strong>iu</strong></span> <span class='ocrx_word' id='word_1_214' title='bbox 1088 3618 1200 3706; x_wconf 87' lang='lat' dir='ltr'><strong>aliquo</strong></span> <span class='ocrx_word' id='word_1_215' title='bbox 1224 3641 1324 3706; x_wconf 88' lang='lat' dir='ltr'><strong>opere</strong></span> <span class='ocrx_word' id='word_1_216' title='bbox 1340 3619 1539 3688; x_wconf 77' lang='lat' dir='ltr'><strong>ordinantur</strong></span> 
     </span>
     <span class='ocr_line' id='line_1_29' title="bbox 343 3725 1537 3816; baseline 0 -23"><span class='ocrx_word' id='word_1_217' title='bbox 343 3727 472 3807; x_wconf 83' lang='lat' dir='ltr'><strong>tratres,</strong></span> <span class='ocrx_word' id='word_1_218' title='bbox 496 3734 530 3791; x_wconf 91' lang='lat' dir='ltr'><strong>et</strong></span> <span class='ocrx_word' id='word_1_219' title='bbox 554 3725 602 3792; x_wconf 90' lang='lat' dir='ltr'><strong>sic</strong></span> <span class='ocrx_word' id='word_1_220' title='bbox 624 3726 729 3810; x_wconf 87' lang='lat' dir='ltr'><strong>ipsum</strong></span> <span class='ocrx_word' id='word_1_221' title='bbox 753 3725 895 3792; x_wconf 80' lang='lat' dir='ltr'><strong>officinm</strong></span> <span class='ocrx_word' id='word_1_222' title='bbox 919 3725 1138 3816; x_wconf 74' lang='lat' dir='ltr'><strong>administret.</strong></span> <span class='ocrx_word' id='word_1_223' title='bbox 1184 3726 1338 3814; x_wconf 88' lang='lat' dir='ltr'><strong>Denique</strong></span> <span class='ocrx_word' id='word_1_224' title='bbox 1361 3750 1422 3814; x_wconf 90' lang='lat' dir='ltr'><strong>per</strong></span> <span class='ocrx_word' id='word_1_225' title='bbox 1443 3749 1537 3794; x_wconf 86' lang='lat' dir='ltr'><strong>nsum</strong></span> 
     </span>
     <span class='ocr_line' id='line_1_30' title="bbox 344 3832 1536 3920; baseline 0.002 -21"><span class='ocrx_word' id='word_1_226' title='bbox 344 3832 442 3900; x_wconf 87' lang='lat' dir='ltr'><strong>debet</strong></span> <span class='ocrx_word' id='word_1_227' title='bbox 471 3839 562 3898; x_wconf 85' lang='lat' dir='ltr'><strong>sture</strong></span> <span class='ocrx_word' id='word_1_228' title='bbox 591 3833 625 3898; x_wconf 91' lang='lat' dir='ltr'><strong>in</strong></span> <span class='ocrx_word' id='word_1_229' title='bbox 654 3832 849 3899; x_wconf 83' lang='lat' dir='ltr'><strong>aecclesiam</strong></span> <span class='ocrx_word' id='word_1_230' title='bbox 879 3855 919 3899; x_wconf 82' lang='lat' dir='ltr'><strong>ex</strong></span> <span class='ocrx_word' id='word_1_231' title='bbox 951 3834 1024 3900; x_wconf 84' lang='lat' dir='ltr'><strong>lero</strong></span> <span class='ocrx_word' id='word_1_232' title='bbox 1054 3832 1174 3917; x_wconf 86' lang='lat' dir='ltr'><strong>choro,</strong></span> <span class='ocrx_word' id='word_1_233' title='bbox 1204 3835 1238 3901; x_wconf 93' lang='lat' dir='ltr'><strong>in</strong></span> <span class='ocrx_word' id='word_1_234' title='bbox 1262 3834 1410 3920; x_wconf 87' lang='lat' dir='ltr'><strong>capitulo</strong></span> <span class='ocrx_word' id='word_1_235' title='bbox 1433 3834 1536 3901; x_wconf 85' lang='lat' dir='ltr'><strong>austri</strong></span> 
     </span>
     <span class='ocr_line' id='line_1_31' title="bbox 344 3937 1103 4026; baseline 0.005 -22"><span class='ocrx_word' id='word_1_236' title='bbox 344 3946 448 4026; x_wconf 86' lang='lat' dir='ltr'><strong>purte,</strong></span> <span class='ocrx_word' id='word_1_237' title='bbox 472 3940 506 4006; x_wconf 94' lang='lat' dir='ltr'><strong>in</strong></span> <span class='ocrx_word' id='word_1_238' title='bbox 530 3937 702 4006; x_wconf 80' lang='lat' dir='ltr'><strong>refectorio</strong></span> <span class='ocrx_word' id='word_1_239' title='bbox 725 3939 974 4024; x_wconf 80' lang='lat' dir='ltr'><strong>septentrionali</strong></span> <span class='ocrx_word' id='word_1_240' title='bbox 996 3946 1103 4026; x_wconf 83' lang='lat' dir='ltr'><strong>perte.</strong></span> 
     </span>
    </p>
   </div>
   <div class='ocr_carea' id='block_1_7' title="bbox 344 4330 1540 4738">
    <p class='ocr_par' dir='ltr' id='par_1_7' title="bbox 344 4330 1540 4738">
     <span class='ocr_line' id='line_1_32' title="bbox 434 4330 1538 4418; baseline 0.002 -20"><span class='ocrx_word' id='word_1_241' title='bbox 434 4331 495 4399; x_wconf 81' lang='lat' dir='ltr'><strong>t&#39;l.</strong></span> <span class='ocrx_word' id='word_1_242' title='bbox 522 4330 560 4398; x_wconf 89' lang='lat' dir='ltr'><strong>Si</strong></span> <span class='ocrx_word' id='word_1_243' title='bbox 575 4331 681 4418; x_wconf 79' lang='lat' dir='ltr'><strong>pergit</strong></span> <span class='ocrx_word' id='word_1_244' title='bbox 693 4331 796 4398; x_wconf 84' lang='lat' dir='ltr'><strong>irater</strong></span> <span class='ocrx_word' id='word_1_245' title='bbox 811 4331 844 4397; x_wconf 93' lang='lat' dir='ltr'><strong>in</strong></span> <span class='ocrx_word' id='word_1_246' title='bbox 861 4331 988 4416; x_wconf 88' lang='lat' dir='ltr'><strong>itinere,</strong></span> <span class='ocrx_word' id='word_1_247' title='bbox 999 4353 1065 4397; x_wconf 89' lang='lat' dir='ltr'><strong>non</strong></span> <span class='ocrx_word' id='word_1_248' title='bbox 1077 4353 1268 4400; x_wconf 79' lang='lat' dir='ltr'><strong>reversurus</strong></span> <span class='ocrx_word' id='word_1_249' title='bbox 1280 4331 1398 4400; x_wconf 89' lang='lat' dir='ltr'><strong>diebus</strong></span> <span class='ocrx_word' id='word_1_250' title='bbox 1409 4332 1538 4400; x_wconf 89' lang='lat' dir='ltr'><strong>duobus</strong></span> 
     </span>
     <span class='ocr_line' id='line_1_33' title="bbox 434 4436 1537 4525; baseline 0 -20"><span class='ocrx_word' id='word_1_251' title='bbox 434 4445 493 4505; x_wconf 83' lang='lat' dir='ltr'><strong>sut</strong></span> <span class='ocrx_word' id='word_1_252' title='bbox 515 4439 631 4522; x_wconf 88' lang='lat' dir='ltr'><strong>tribus,</strong></span> <span class='ocrx_word' id='word_1_253' title='bbox 655 4438 798 4525; x_wconf 80' lang='lat' dir='ltr'><strong>accipiat</strong></span> <span class='ocrx_word' id='word_1_254' title='bbox 820 4437 1092 4509; x_wconf 83' lang='lat' dir='ltr'><strong>benedictionem.</strong></span> <span class='ocrx_word' id='word_1_255' title='bbox 1124 4436 1159 4506; x_wconf 89' lang='lat' dir='ltr'><strong>Si</strong></span> <span class='ocrx_word' id='word_1_256' title='bbox 1183 4440 1405 4507; x_wconf 82' lang='lat' dir='ltr'><strong>necessitutus</strong></span> <span class='ocrx_word' id='word_1_257' title='bbox 1427 4439 1537 4521; x_wconf 83' lang='lat' dir='ltr'><strong>suerit,</strong></span> 
     </span>
     <span class='ocr_line' id='line_1_34' title="bbox 344 4544 1539 4634; baseline 0.002 -24"><span class='ocrx_word' id='word_1_258' title='bbox 344 4551 381 4610; x_wconf 92' lang='lat' dir='ltr'><strong>nt</strong></span> <span class='ocrx_word' id='word_1_259' title='bbox 403 4544 436 4610; x_wconf 90' lang='lat' dir='ltr'><strong>in</strong></span> <span class='ocrx_word' id='word_1_260' title='bbox 460 4546 608 4611; x_wconf 78' lang='lat' dir='ltr'><strong>crastino</strong></span> <span class='ocrx_word' id='word_1_261' title='bbox 632 4551 832 4627; x_wconf 73' lang='lat' dir='ltr'><strong>revertetur,</strong></span> <span class='ocrx_word' id='word_1_262' title='bbox 862 4545 1038 4612; x_wconf 86' lang='lat' dir='ltr'><strong>etiterum</strong></span> <span class='ocrx_word' id='word_1_263' title='bbox 1063 4566 1196 4612; x_wconf 87' lang='lat' dir='ltr'><strong>necesse</strong></span> <span class='ocrx_word' id='word_1_264' title='bbox 1220 4546 1263 4613; x_wconf 89' lang='lat' dir='ltr'><strong>sit</strong></span> <span class='ocrx_word' id='word_1_265' title='bbox 1287 4566 1442 4634; x_wconf 78' lang='lat' dir='ltr'><strong>pergere,</strong></span> <span class='ocrx_word' id='word_1_266' title='bbox 1471 4566 1539 4612; x_wconf 91' lang='lat' dir='ltr'><strong>non</strong></span> 
     </span>
     <span class='ocr_line' id='line_1_35' title="bbox 345 4651 1540 4738; baseline 0.003 -22"><span class='ocrx_word' id='word_1_267' title='bbox 345 4652 486 4738; x_wconf 83' lang='lat' dir='ltr'><strong>occipiat</strong></span> <span class='ocrx_word' id='word_1_268' title='bbox 517 4652 779 4719; x_wconf 84' lang='lat' dir='ltr'><strong>benedictionem</strong></span> <span class='ocrx_word' id='word_1_269' title='bbox 810 4651 910 4718; x_wconf 91' lang='lat' dir='ltr'><strong>eundi</strong></span> <span class='ocrx_word' id='word_1_270' title='bbox 942 4659 976 4718; x_wconf 89' lang='lat' dir='ltr'><strong>et</strong></span> <span class='ocrx_word' id='word_1_271' title='bbox 1012 4651 1208 4719; x_wconf 76' lang='lat' dir='ltr'><strong>revertendi.</strong></span> <span class='ocrx_word' id='word_1_272' title='bbox 1257 4652 1345 4721; x_wconf 89' lang='lat' dir='ltr'><strong>Item</strong></span> <span class='ocrx_word' id='word_1_273' title='bbox 1376 4653 1404 4720; x_wconf 89' lang='lat' dir='ltr'><strong>si</strong></span> <span class='ocrx_word' id='word_1_274' title='bbox 1433 4652 1540 4720; x_wconf 80' lang='lat' dir='ltr'><strong>irater</strong></span> 
     </span>
    </p>
   </div>
   <div class='ocr_carea' id='block_1_8' title="bbox 0 0 1910 5375">
    <p class='ocr_par' dir='ltr' id='par_1_8' title="bbox 0 0 1910 5375">
     <span class='ocr_line' id='line_1_36' title="bbox 0 0 1910 5375; baseline 0 0"><span class='ocrx_word' id='word_1_275' title='bbox 0 0 1910 5375; x_wconf 95' lang='lat' dir='ltr'><strong> </strong></span> 
     </span>
    </p>
   </div>
  </div>
 </body>
</html>
