3792 5375
910 550 1135 613 ...66-

426 740 500 828 Qua
526 742 615 809 dictu
640 742 762 808 trilmot
786 743 949 808 armarius
965 741 1016 808 rel
1033 741 1231 808 secretarius
1248 763 1372 828 cappas
1389 763 1449 827 per
1464 741 1619 826 singulos,

427 850 537 936 pueris
559 849 696 917 tonicas.
733 848 823 915 Dum
847 856 985 933 accepta
1009 847 1195 928 habuerint,
1221 871 1286 914 uon
1312 869 1347 915 se
1371 848 1446 915 ilico
1469 846 1619 927 induant,

426 955 484 1022 sed
508 955 552 1021 ad
576 954 757 1038 basilicum,
782 964 941 1040 quaeest
966 977 1026 1021 suo
1051 955 1173 1042 nomini
1200 953 1311 1021 dicatu
1336 962 1487 1040 pergant.
1526 953 1621 1020 'lluuc

426 1065 493 1128 siut
515 1061 559 1127 ad
582 1062 822 1147 processionem
845 1069 963 1146 aptatu
988 1060 1054 1126 duo
1078 1060 1290 1143 candelabra,
1318 1067 1426 1128 tentes
1450 1059 1619 1146 euangelii,

425 1191 513 1253 aqua
544 1176 677 1248 sancta,
715 1190 796 1234 crux
829 1176 863 1233 et
898 1170 1100 1253 praecedant
1132 1167 1177 1233 ad
1208 1167 1381 1234 ecclesiam
1413 1176 1619 1254 prenotatam

425 1275 613 1355 ordinatim,
640 1283 676 1341 ut
700 1297 770 1341 mos
794 1282 846 1341 est
867 1275 942 1340 aliis
966 1274 1233 1361 processionibus
1256 1274 1317 1340 hos
1340 1274 1486 1360 psalmos
1502 1273 1620 1341 decan·

425 1383 540 1465 tando,
565 1388 691 1451 Beatus
711 1387 776 1465 vir,
802 1389 860 1448 uut
878 1385 938 1448 ,ld
958 1386 1125 1449 donrimmr
1143 1407 1216 1448 rum
1234 1384 1430 1450 tribularer.
1463 1380 1621 1448 Similiter

426 1493 459 1558 in
482 1490 651 1558 redeundo
676 1511 749 1555 cum
769 1490 841 1573 jam
864 1511 968 1575 prope
992 1488 1113 1554 luerint
1136 1481 1295 1575 incipiant
1321 1488 1564 1573 responsorium
1586 1488 1620 1552 in

425 1597 573 1682 ejusdem
604 1595 720 1680 lunde3
747 1607 919 1683 peractum
951 1595 1040 1661 dicat
1077 1595 1235 1662 sacerdos
1265 1617 1413 1676 versum,
1449 1596 1496 1661 (is
1519 1598 1619 1683 justi.

425 1707 591 1772 Dominus
620 1707 800 1771 vobiscum.
853 1701 1004 1769 Collecta
1038 1701 1203 1786 ejusdem,
1245 1711 1323 1768 tunc
1362 1703 1486 1769 faciant
1525 1701 1619 1767 simul

425 1812 618 1878 orationem.
666 1806 848 1894 Surgeutcs
872 1808 1010 1875 induunt
1035 1810 1152 1895 cappis
1176 1819 1209 1876 et
1234 1809 1388 1876 inchoent
1413 1809 1568 1877 osticium.
1593 1808 1619 1895 ][

425 1916 537 2002 Signis
560 1917 691 1984 interim
714 1916 934 2003 pulsantibus,
965 1926 1124 2002 quattuor
1155 1915 1206 1984 rel
1237 1918 1353 2001 quanti
1382 1915 1525 1983 armario
1548 1914 1618 2001 pla·

426 2026 564 2106 ruerint,
589 2034 723 2091 teneant
740 2023 894 2092 officinm.
931 2023 990 2090 Ad
1002 2025 1107 2109 ipsum
1131 2045 1260 2090 sacram
1276 2032 1402 2109 septem
1419 2025 1486 2090 sint
1502 2022 1620 2090 cande·

426 2132 521 2198 labra
545 2140 623 2199 ante
647 2131 763 2216 altare,
787 2140 820 2197 et
837 2132 902 2197 tria
919 2138 1020 2198 retro.
1052 2129 1219 2212 Osticium,
1244 2133 1431 2199 Protexisti
1451 2154 1502 2196 me
1516 2134 1619 2198 Deus.

321 2285 324 2292 .
426 2239 560 2322 Oratio,
591 2241 787 2305 Iretcrcessio
810 2262 878 2307 nos.
924 2236 1102 2323 Capitula,
1136 2240 1273 2315 Justum
1304 2239 1446 2305 deduxit
1470 2241 1621 2306 doctrinas

419 2362 486 2433 per
516 2351 592 2414 runs
618 2358 739 2412 rectos.
788 2347 908 2423 Justns
937 2356 976 2411 ut
996 2347 1130 2431 pulmo.
1184 2344 1272 2410 Item
1303 2346 1468 2434 Allelujo,
1502 2347 1622 2423 Justus

175 2495 208 2534 a.)
219 2489 292 2532 aas.
304 2488 355 2539 rr,
367 2491 388 2528 1.
420 2456 639 2539 genninaoit.
668 2451 896 2536 Evangelium,
913 2453 990 2538 Ego
1004 2475 1078 2519 sum
1094 2449 1226 2520 vitae>
1249 2448 1334 2517 Cum
1351 2452 1485 2540 expleta
1499 2451 1620 2519 fuerint

425 2560 597 2646 pulsentur
631 2559 743 2627 omnia
780 2559 885 2644 signa.
939 2557 998 2625 Ad
1036 2580 1209 2645 uesperam
1243 2562 1396 2649 Allo-lry'a
1433 2580 1452 2627 e
1488 2559 1621 2643 sanctis,

424 2667 571 2753 psalmos
594 2665 635 2734 de
659 2665 913 2735 consessoribus.
924 2664 952 2754 ¹)
998 2664 1153 2752 Quinque
1184 2665 1324 2734 candele
1355 2676 1433 2736 ante
1465 2689 1558 2735 aram
1588 2681 1622 2734 et

426 2782 516 2842 retro
540 2782 618 2842 tres.

516 2879 554 2948 Si
578 2881 612 2948 in
633 2880 798 2947 dominica
821 2881 894 2966 ipsa
918 2880 1116 2961 testivitas²)
1132 2882 1357 2967 supervenerit
1373 2882 1485 2950 onmia
1499 2881 1621 2948 faciant

426 2986 467 3054 de
490 2985 602 3073 ipso⁸)
625 2987 734 3055 beato.
770 2986 1005 3052 Matutinalem
1029 3008 1160 3054 sacram
1184 2986 1297 3054 dicant
1322 3011 1362 3055 ex
1386 2988 1440 3055 die
1459 2987 1622 3054 dominico

426 3102 459 3160 et
490 3092 650 3160 collectae
680 3092 1000 3159 consuetudinariae.
1054 3093 1229 3162 Processio
1265 3093 1323 3161 tiat
1354 3096 1438 3160 sicut
1469 3116 1540 3161 mos
1571 3106 1621 3160 est

426 3199 599 3267 dominicis
623 3198 749 3268 diebus.
796 3199 877 3267 Post
902 3201 1036 3267 tertium
1061 3201 1185 3268 iaciunt
1209 3203 1320 3267 omnia
1344 3199 1620 3288 queamdmodum

426 3328 529 3392 supra
552 3305 779 3392 praetulimus.

518 3414 694 3480 Dominiea
716 3414 824 3500 prima
847 3423 924 3481 unte
948 3414 1138 3500 rogationes
1154 3436 1222 3482 non
1238 3415 1369 3482 dicatur
1383 3413 1540 3500 psalmus,
1565 3418 1626 3481 Ad

426 3523 594 3590 domiuum
625 3546 699 3590 cum
730 3523 933 3604 tribularer,
970 3542 1032 3588 nec
1063 3525 1117 3588 lle
1139 3526 1327 3609 profundis
1356 3543 1417 3608 pro
1446 3520 1621 3603 defunctis,

427 3629 507 3714 qrria
529 3627 595 3694 illis
618 3627 724 3694 tribus
747 3626 862 3694 diebus
885 3627 1024 3695 festivae
1047 3627 1314 3698 celebrabuntur.

518 3731 674 3803 LXVII.
699 3732 741 3800 In
764 3733 987 3820 Rogatiomrm
1010 3733 1127 3801 diebus
1143 3733 1188 3801 ad
1211 3734 1407 3802 matutinale
1431 3733 1621 3819 obsequium

426 3840 538 3925 legant
569 3840 726 3926 epistolas
754 3841 948 3921 canonicas,
977 3850 1096 3909 exacto
1128 3843 1262 3910 veniunt
1293 3843 1327 3909 iu
1356 3840 1457 3908 alium
1487 3840 1621 3907 clrormu

428 3956 614 4033 cauentque
649 3948 694 4014 ibi
729 3949 911 4015 matutinus
944 3950 1089 4019 omnium
1114 3948 1313 4017 Sanctorum
1345 3957 1445 4036 atque
1479 3956 1622 4016 mortuo·

428 4076 500 4120 rum
517 4055 586 4121 sinc
602 4053 802 4141 antiphonis.
834 4054 1027 4142 Eademque
1051 4055 1213 4142 irreiant⁴)
1237 4077 1373 4143 vespere
1385 4077 1509 4126 eornm.
1539 4056 1622 4124 Post

428 4159 648 4246 expletionem
683 4161 830 4247 ipsorum
859 4163 1114 4248 matutinorum,
1138 4163 1308 4232 venientes
1338 4164 1373 4231 in
1396 4162 1622 4231 donnitorium

427 4267 647 4352 requiescant.
701 4267 783 4335 Post
819 4269 961 4354 primum
996 4278 1109 4336 utitem
1144 4270 1325 4357 psalmum,
1358 4274 1522 4339 illisercre
1559 4276 1626 4338 mci

428 4375 523 4441 Deus
538 4374 614 4440 etsi
631 4373 749 4460 aliquis
774 4375 922 4461 psalmus
937 4377 1111 4462 impositus
1127 4377 1239 4460 suerit,
1262 4385 1342 4445 ante
1357 4378 1464 4463 ipsum
1483 4376 1622 4445 dicatur.

431 4492 498 4501 -ω
553 4493 646 4502 -——..

510 4494 542 4602 l)
564 4534 678 4589 ltasura.
786 4533 810 4604 ¹)
829 4535 862 4590 In
881 4534 1023 4606 nurnine:
1044 4536 1246 4607 sollempnitas.
1276 4544 1278 4547 ’

519 4619 543 4690 ¹)
563 4621 595 4678 ln
613 4627 710 4679 textu:
727 4622 798 4694 ipsa.

519 4710 543 4780 ‘l
562 4710 720 4783 &demque
738 4711 851 4781 luriunt,
869 4711 987 4770 Bosora.
