3792 5375
758 435 1007 499 -nt-

288 626 409 694 domini
440 626 485 694 ad
512 626 836 708 communicandum,
865 627 944 714 quia
972 626 1017 694 ad
1047 626 1182 693 missurn
1213 624 1255 693 de
1279 634 1397 696 sancto
1418 627 1483 695 hoc

287 742 512 819 patraverunt.
559 733 600 800 Iu
623 733 798 800 refectorio
822 732 978 818 quicquid
1002 733 1200 800 remanserit
1225 733 1483 820 elemosynaria·

287 839 475 931 accipiat][

376 945 463 1013 Sunt
485 967 617 1033 quoque
640 953 673 1012 et
697 953 856 1031 quattuor
879 943 1038 1026 Sabbata,
1062 945 1098 1011 iu
1121 944 1241 1031 quibus
1265 953 1344 1013 sunt
1354 946 1482 1034 jejunia

286 1055 466 1122 constituta
496 1063 530 1120 et
558 1053 667 1120 osticia
697 1052 874 1118 lectionum
908 1059 942 1119 et
971 1051 1159 1118 orationum
1189 1052 1335 1138 majora:
1365 1051 1401 1120 id
1430 1059 1484 1120 est

288 1161 405 1226 rirartio
419 1183 527 1228 ruense
540 1161 645 1246 primo
658 1157 809 1237 sabbato,
818 1158 916 1244 juxta
928 1157 1194 1225 observationem
1207 1157 1483 1245 «quadragesimae

288 1267 378 1332 serni
402 1268 596 1352 tempore¹)‚
620 1264 753 1350 quando
777 1264 898 1330 mensis
921 1286 1081 1330 novorum
1104 1263 1195 1351 apud
1215 1264 1358 1351 judaeos
1380 1265 1482 1333 lrabe-

287 1372 401 1439 batur:
433 1376 554 1440 mensis
577 1372 687 1459 quarti
710 1370 819 1437 idibus
839 1371 923 1457 junii
947 1369 1093 1438 secundo
1117 1370 1259 1439 sabbato
1282 1373 1316 1439 in
1336 1372 1480 1459 jejunio:

286 1480 320 1545 id
351 1488 400 1546 est
431 1480 577 1566 frugibus
607 1479 704 1565 primi
732 1479 830 1564 panis
858 1478 921 1546 deo
944 1476 1172 1545 offerebantur
1194 1490 1229 1546 et
1252 1480 1356 1546 otium
1379 1479 1482 1565 ipsius

287 1586 351 1652 diei
376 1587 629 1654 custodiebatur.
678 1583 817 1672 Septimi
842 1586 980 1666 mensis,
1010 1585 1044 1651 id
1069 1591 1121 1652 est
1143 1584 1358 1671 septembris,
1382 1587 1481 1653 tertio

287 1693 426 1761 sabbato
435 1695 464 1782 ²)
487 1695 636 1760 autumni
660 1702 825 1779 tempore:
850 1691 903 1758 hic
925 1693 1049 1759 mensis
1072 1699 1164 1759 totus
1187 1691 1376 1779 sollempnis
1395 1699 1481 1775 orat,

287 1804 319 1868 in
337 1825 401 1887 quo
418 1810 452 1868 et
466 1802 536 1866 dies
552 1802 785 1886 expiationum,
810 1807 844 1866 et
859 1799 997 1867 afflictio
1013 1800 1145 1867 animae
1160 1807 1194 1867 et
1210 1821 1277 1865 nou
1292 1799 1481 1868 iaciendum

286 1931 369 1994 opus
392 1909 509 1975 servile
533 1916 565 1975 et
589 1908 660 1975 dies
683 1906 936 1993 scenophegiae,
959 1907 995 1973 id
1019 1915 1070 1973 cst
1090 1905 1168 1973 fixio
1190 1905 1481 1975 tabernaculorum

287 2015 402 2100 quinta
425 2015 553 2082 decimo
576 2014 629 2081 die
652 2023 777 2101 septem
800 2013 925 2082 diebus.
965 2013 1095 2079 Decimi
1111 2012 1245 2095 mensis,
1267 2011 1332 2080 hoc
1345 2020 1398 2080 est
1412 2013 1481 2083 De·

287 2121 443 2189 cembris:
475 2123 605 2209 Quarta
628 2121 769 2188 sabbato
793 2129 870 2187 ante
895 2120 982 2187 diem
1007 2118 1130 2187 natalis
1153 2120 1279 2187 domini
1301 2128 1379 2190 mu
1395 2120 1481 2188 heae

288 2229 438 2296 uidelicet
461 2237 619 2316 quattuor
642 2226 784 2294 sabbata
806 2229 839 2294 in
864 2228 980 2294 eadem
1004 2225 1193 2294 ebdomada
1215 2248 1346 2314 semper
1360 2235 1495 2316 quartu·

287 2346 320 2402 et
355 2346 446 2404 sexta
484 2337 566 2404 seria
600 2335 747 2420 legitima
777 2334 903 2420 jejunia
938 2341 973 2400 et
1012 2334 1198 2401 orationmu
1233 2340 1269 2400 et
1301 2334 1480 2403 lectionum

287 2445 482 2532 sollempnia
514 2451 591 2512 sunt
620 2442 829 2510 celebranda.
875 2441 940 2508 His
971 2442 1092 2508 etenim
1123 2440 1240 2508 diebus
1272 2439 1357 2508 liunt
1380 2442 1481 2529 juxte

287 2552 420 2618 decreta
441 2552 554 2637 gelasii
578 2571 686 2637 papae
709 2549 945 2616 ordinationes.
981 2541 1080 2614 ‘Haec
1104 2546 1301 2633 sollempnia
1323 2556 1481 2635 quattuor

287 2658 544 2746 Sabbatorum¹)
562 2660 743 2726 Duodecim
767 2659 920 2724 lectiones
945 2655 1041 2740 uulgo
1057 2654 1281 2741 appellantur,
1305 2657 1384 2742 qnia
1405 2678 1479 2724 cum

286 2769 366 2852 ipsis
400 2764 595 2831 lectionibus
632 2771 665 2831 et
696 2764 832 2831 canticis
862 2762 912 2830 vel
943 2761 1088 2829 Psalmis
1119 2762 1176 2848 qui
1209 2770 1390 2849 canuntur,
1424 2764 1479 2832 liio

286 2893 440 2939 uumerus
464 2869 673 2956 adimpletur.

377 2976 505 3045 CXVI.
543 2978 666 3065 vigilia

287 3085 393 3152 saneti
417 3085 576 3153 matthaei
606 3085 746 3171 apostoli
773 3106 848 3151 mox
877 3091 915 3151 nt
943 3082 1066 3151 iratres
1094 3084 1222 3169 signum
1254 3092 1330 3171 post
1351 3091 1478 3152 sextam

286 3191 451 3258 audierint
475 3202 622 3278 surgant,
643 3192 754 3259 lavent
772 3213 889 3257 manus
905 3199 939 3258 et
955 3190 1069 3271 iacies,
1086 3199 1121 3258 et
1136 3199 1216 3258 tune
1231 3199 1372 3278 pergant
1385 3192 1479 3279 pueri

286 3299 356 3365 sine
390 3298 500 3384 aliquo
534 3300 642 3367 sonitu
673 3301 707 3366 in
737 3298 927 3381 ecclesiam3
963 3297 1089 3365 saciant
1117 3320 1235 3384 preces
1265 3305 1344 3366 ente
1373 3319 1477 3381 aram,

286 3424 319 3472 et
341 3406 500 3493 incipiant
519 3406 698 3474 laetaniam
721 3406 834 3473 statim
855 3412 894 3473 ut
917 3428 952 3473 se
974 3405 1165 3475 levaverint.
1213 3390 1379 3485 Officium,
1401 3409 1478 3493 Ego

285 3528 394 3581 urrtrur
417 3516 504 3582 sicut
524 3520 613 3582 aliea
626 3516 835 3601 fructicum.
882 3510 1048 3592 collecta,
1081 3514 1138 3578 Da
1161 3516 1255 3580 uobr's
1278 3516 1479 3600 ourm'potens

286 3625 387 3689 Deus.
434 3620 551 3689 Lectio
582 3622 624 3689 de
654 3619 837 3706 Sapientia,
869 3623 995 3687 Beatus
1017 3617 1160 3705 lutumst)
1206 3618 1477 3705 Responsorium,

286 3731 410 3807 Justus
425 3745 461 3798 ut
469 3735 601 3816 palma.
630 3727 846 3812 Evangelium
863 3725 1043 3792 secundum
1058 3725 1178 3807 lucam,
1202 3729 1242 3794 ln
1258 3728 1318 3794 illo
1333 3739 1479 3813 tempore

285 3841 373 3905 uidit
389 3841 488 3925 jesus
509 3841 728 3924 publicanam
759 3836 888 3901 uouu'uc
917 3836 1130 3918 leviusque,
1161 3835 1237 3900 Nou
1260 3834 1339 3902 curri
1358 3857 1478 3902 auocare

274 3949 405 4033 justos,
434 3950 496 4012 scd
517 3958 711 4032 peccatores
739 3946 774 4011 iu
803 3939 1070 4026 pumentiamad
1123 3935 1320 4021 offerenda,
1358 3943 1476 4009 Glorr‘a
1504 3956 1728 4009 uranum-⁸2

284 4065 316 4119 ct
330 4054 459 4120 horrore.
491 4051 695 4130 Communia,
719 4051 868 4117 Posuisti
888 4051 1027 4116 durrriue.
1060 4044 1359 4133 Eteuosynauup)
1374 4046 1477 4114 iaciat

286 4158 395 4225 omnia
411 4158 452 4227 de
469 4159 641 4226 refectorio
657 4161 819 4243 quotquot
830 4153 1057 4221 remanserint.
1094 4153 1293 4240 Priusquam
1303 4151 1477 4240 pulsentur

376 4339 398 4403 ¹)
417 4338 532 4394 Rasum.

375 4429 395 4492 ἰ
415 4425 506 4483 Verba
525 4423 721 4498 „septembris“
742 4437 828 4491 usque
847 4418 995 4492 „ubbatffl
1015 4418 1044 4474 in
1062 4434 1169 4475 resurr.

375 4517 397 4587 ¹)
416 4518 449 4573 Iu
468 4516 571 4572 llisaal.
590 4514 696 4570 Cassio.
714 4510 793 4584 (Coi.
812 4510 888 4565 Casa
907 4507 970 4578 227,
989 4508 1025 4563 al.
1044 4508 1079 4563 ot
1098 4508 1148 4564 int
1170 4508 1252 4578 1⁴1³)
1269 4524 1327 4580 pag
1351 4508 1415 4568 ttd.
1434 4507 1476 4565 tn·

284 4606 402 4663 venitur.
437 4606 541 4676 Lectio,
560 4606 663 4661 Beatus
682 4602 734 4672 vir,
752 4599 798 4671 qui
818 4600 846 4655 iu
865 4597 1010 4669 sapientie.
1048 4595 1145 4667 (Μ.
1163 4595 1240 4668 le,
1256 4596 1314 4664 tt.)

338 4695 519 4738 t'omnerudtuss
532 4693 681 4737 noemma.
1349 4683 1368 4741 0
