3792 5375
882 514 924 523 -
975 476 1039 539 180
1085 511 1129 523 -

415 669 501 735 Nam
526 676 560 736 et
582 670 651 755 ipse
674 670 873 737 camerarius
896 668 995 736 debet
1018 690 1092 736 cum
1116 667 1180 734 alio
1204 666 1306 734 irater
1335 666 1478 733 omnium
1502 666 1599 733 resti·

415 784 523 843 nrcntn
550 775 815 843 fratrum·emere
838 785 937 862 atque
961 776 1107 843 iuvenire
1134 782 1168 840 et
1191 772 1388 840 distribuere
1418 771 1462 839 ad
1484 794 1599 840 uuum·

415 905 586 968 «meroque,
610 892 707 969 prout
729 882 886 949 condecet
908 891 942 948 et
965 883 999 948 iu
1021 881 1096 950 loco
1120 889 1171 948 est
1189 881 1421 948 constitutum:
1446 877 1600 947 videlicet

416 1000 449 1056 nt
473 990 622 1057 omnibus
645 989 800 1057 iratribus
815 988 871 1056 dot
893 1011 953 1076 per
977 988 1123 1075 singulos
1146 988 1230 1054 duas
1246 988 1428 1068 staminias,
1451 986 1600 1054 similiter

415 1095 600 1177 femoralia,
636 1097 718 1163 duas
749 1096 895 1163 cucullas
921 1104 955 1161 et
979 1094 1063 1161 duas
1092 1096 1221 1161 tunicas
1254 1116 1326 1175 cunr
1350 1094 1428 1161 latis
1450 1094 1598 1175 manicis,

415 1203 498 1270 duas
522 1204 691 1291 pelliculas
713 1227 785 1270 cum
810 1204 933 1270 strictis
958 1202 1093 1269 manicis
1102 1201 1128 1288 ¹)
1152 1209 1186 1268 et
1216 1203 1348 1268 tertiam
1379 1223 1452 1268 curn
1484 1200 1596 1286 largis.

414 1309 548 1395 Caligas
571 1310 746 1377 distribuat
769 1311 981 1377 nocturnales
1004 1317 1038 1376 et
1057 1308 1236 1392 diurnales,
1260 1307 1396 1393 pedules
1412 1306 1456 1374 ad
1471 1308 1597 1375 arcien-

414 1417 490 1483 dum
514 1415 631 1502 frigus3
656 1417 720 1484 duo
743 1417 837 1505 paria
861 1418 982 1484 dentur
1005 1440 1045 1483 ex
1069 1423 1166 1483 nocte
1189 1423 1224 1481 et
1247 1414 1313 1482 duo
1336 1436 1377 1480 ex
1400 1413 1472 1499 die3
1495 1422 1529 1481 et
1553 1415 1597 1482 ad

415 1545 674 1611 unumquemque
697 1523 824 1608 singula
848 1525 967 1608 ragina
990 1544 1064 1590 cum
1088 1521 1240 1604 cultello,
1264 1529 1398 1608 praeter
1421 1522 1598 1609 scriptores

414 1631 468 1717 qui
498 1630 581 1698 duos
603 1630 763 1713 habeant,
796 1636 830 1696 et
852 1630 992 1714 corrigia
1021 1629 1065 1696 ad
1096 1628 1303 1715 cingendum.
1349 1626 1488 1713 Tabula,
1517 1650 1597 1696 acus

415 1745 549 1821 pectene
565 1759 637 1803 cum
657 1737 821 1820 dumento,
845 1737 1005 1822 capellum
1028 1737 1063 1803 in
1087 1736 1197 1823 capita
1220 1734 1320 1823 quod,
1343 1735 1445 1802 alium
1467 1737 1597 1803 nornine

413 1845 569 1930 capitium
594 1844 774 1932 vocatur.¹)
816 1844 856 1910 ln
887 1841 1045 1928 lectulo‘)
1068 1843 1112 1911 ad
1135 1864 1397 1929 unumquemque
1420 1840 1598 1929 deputetur

413 1950 488 2017 lena
510 1972 583 2017 curn
606 1951 760 2037 pellicula
788 1951 957 2034 investita,
981 1971 1095 2034 sogum
1117 1938 1268 2032 laneum,
1297 1948 1451 2035 capitale.
1487 1949 1596 2019 Vesti-

412 2064 524 2124 menta
546 2059 612 2123 sire
635 2057 882 2125 ealrimnentum
905 2056 983 2123 dnnr
1008 2057 1171 2143 rumpitur
1202 2078 1260 2123 seu
1290 2057 1397 2123 suitur
1425 2059 1598 2144 unusquis·

413 2185 477 2250 qne
499 2163 603 2231 irater
624 2163 712 2231 lavet
734 2165 894 2250 inprimis,
930 2162 1051 2230 deinde
1073 2170 1152 2230 ante
1184 2162 1327 2231 hostium
1357 2163 1513 2231 auditorii
1540 2163 1596 2232 de·

412 2270 508 2352 ierat,
542 2278 575 2337 et
609 2272 808 2338 camerarius
841 2272 992 2357 accipiat,
1028 2277 1064 2337 et
1096 2269 1250 2357 deportet
1284 2269 1327 2337 ad
1363 2278 1524 2354 sartores,
1559 2278 1598 2339 ut

412 2376 634 2444 emendentur.
687 2377 740 2443 De
770 2376 925 2444 iratribus
955 2375 1066 2444 nullus
1088 2376 1114 2464 ][
1137 2375 1236 2443 debet
1257 2397 1395 2463 pergere
1428 2376 1472 2444 ad
1494 2379 1595 2464 ipsos,

412 2506 473 2551 nec
499 2483 642 2572 aliquam
672 2483 932 2551 emendationem
967 2484 1077 2551 iacere
1107 2483 1150 2550 da
1181 2485 1386 2552 vestimentis
1416 2484 1596 2553 secundum

413 2613 506 2658 snum
546 2589 691 2676 libitum,
731 2591 794 2657 nisi
834 2589 924 2677 quod
970 2597 1128 2658 consueta
1171 2590 1272 2658 fuerit
1309 2593 1516 2677 monasterii,
1562 2601 1599 2661 et
1642 2576 1652 2593 ’

412 2700 610 2767 camerarius
633 2697 842 2767 ordinaverit.
875 2697 941 2785 Qui
965 2699 1066 2765 aliurn
1090 2698 1204 2765 iecerit
1227 2698 1375 2767 districtc
1399 2699 1599 2786 dijudicetur

413 2805 457 2874 ab
479 2805 629 2874 omnibus
652 2805 816 2888 iratribus,
840 2814 876 2872 ut
899 2807 1023 2873 caeteri
1047 2813 1205 2876 metuant.
1244 2804 1330 2874 Nanr
1352 2809 1472 2894 etipse
1494 2806 1599 2876 irater

413 2935 542 2999 semper
570 2913 727 2981 sollicitus
758 2915 817 2996 sit,
850 2913 1046 3000 ubicumque
1074 2912 1193 2980 viderit
1222 2914 1467 3000 vestimentum,
1498 2921 1533 2982 et
1556 2937 1597 2982 ex

414 3019 580 3102 iratribus,
603 3019 692 3105 quod
716 3019 858 3106 aliquam
878 3019 1164 3106 reprehensionem
1180 3018 1314 3105 babeat,
1338 3029 1376 3088 nt
1393 3020 1596 3106 emendatur,

414 3127 463 3194 'sel
486 3126 665 3208 auferatur,
687 3129 766 3213 quia
787 3126 831 3194 ad
853 3128 960 3213 ipsum
983 3128 1135 3214 respicit,
1166 3128 1194 3193 si
1218 3126 1446 3218 neglexerit.⁸)
1491 3127 1598 3197 Lecta

414 3255 487 3300 cunr
523 3235 630 3320 priore
664 3235 852 3320 frequenter
885 3232 1072 3321 pervideat,
1107 3254 1149 3300 ne
1183 3233 1282 3300 alicui
1317 3234 1440 3322 aliquia
1474 3238 1595 3306 veniat

414 3340 519 3407 Palea
541 3341 591 3408 sel
615 3340 722 3409 fenum
747 3342 816 3427 ipsc
839 3364 911 3409 cum
936 3340 1118 3410 sartoribus
1141 3340 1264 3408 babere
1292 3342 1394 3409 faciat
1421 3350 1496 3411 octo
1525 3344 1598 3412 dics

414 3455 491 3515 ante
525 3448 644 3515 testum
677 3448 833 3534 principis
867 3450 1092 3536 apostolorum
1126 3450 1159 3515 in
1194 3448 1341 3534 singulos
1374 3449 1488 3519 lectos.
1543 3451 1597 3520 De

414 3556 616 3622 restirneutis
637 3576 714 3622 rero
738 3554 814 3623 dnm
838 3555 954 3622 tribuit
978 3577 1090 3636 noros,
1114 3557 1253 3641 recipiat
1282 3564 1438 3628 vetustos
1484 3554 1597 3627 Linte-

415 3663 524 3729 amina
544 3669 728 3748 opportuna
747 3662 897 3730 manibus
915 3664 982 3729 sire
1001 3662 1140 3749 pedibus
1155 3665 1226 3748 ipsc
1241 3664 1425 3751 provideat,
1448 3666 1598 3735 similiter

414 3768 564 3835 mantiles
573 3769 745 3836 refectorii.
763 3768 886 3838 Videat
897 3776 1072 3855 utsemper·
1082 3777 1261 3857 praccepta
1272 3770 1404 3839 abbatis
1415 3773 1598 3859 custodiat3

415 3875 564 3942 similiter
579 3876 681 3943 saciat
691 3877 818 3962 prioris,
836 3875 886 3943 rel
905 3875 1031 3958 decani,
1045 3897 1102 3944 seu
1114 3876 1199 3959 ilius,
1217 3879 1271 3963 qni
1284 3879 1432 3947 ordinem
1444 3882 1598 3963 terruerit,

415 3982 547 4068 qnando
570 3981 673 4051 abbas
695 3981 813 4050 absens
835 3982 944 4066 fuerit,
968 3992 1002 4051 et
1017 3982 1108 4050 nulla
1130 3983 1253 4052 babeat
1277 3984 1339 4053 sub
1362 4007 1423 4053 sua
1444 4009 1524 4055 cura
1540 3987 1597 4056 sb·

415 4110 533 4157 sconsa
555 4098 621 4156 tam
645 4091 717 4174 iste,
739 4113 837 4178 quam
861 4091 1029 4158 secretarii
1052 4091 1101 4158 rel
1125 4091 1306 4172 cellararii,
1334 4114 1419 4179 quaa
1442 4116 1508 4161 uon
1531 4096 1597 4163 sint

415 4197 627 4283 praecognita
640 4199 751 4284 priori,
767 4221 823 4265 seu
840 4197 981 4284 decau03
1003 4197 1153 4265 similiter
1168 4198 1210 4265 de
1225 4198 1376 4266 omnibus
1391 4200 1597 4283 obedientiis,

416 4304 509 4388 quia,
542 4304 570 4370 si
600 4303 643 4370 ad
668 4304 825 4390 judicium
849 4307 991 4389 venerit,
1026 4315 1059 4373 et
1089 4305 1214 4393 aliquid
1236 4307 1404 4374 inventum
1432 4306 1531 4377 tuerit
1554 4308 1599 4376 ab

415 4420 497 4430 -----
508 4423 699 4535 ''llis-raama,
716 4465 804 4523 adbuc
821 4464 878 4538 legi
895 4470 998 4537 potest.

504 4550 528 4620 ¹)
544 4551 659 4611 Rasum

506 4639 530 4712 ³)
548 4641 581 4699 lu
599 4647 694 4699 texto:
711 4642 869 4715 aeglescrit.
