3792 5375
851 619 893 632 -
939 587 1007 651 aot
1053 552 1112 633 -”

386 785 519 861 peracto
557 777 692 863 incipiat
733 777 968 877 autiphopam,
1004 782 1043 845 ln
1076 779 1306 865 paraenorum,
1341 783 1375 843 et
1408 782 1486 844 eant
1519 774 1563 841 ad

384 884 584 968 cymiterium
608 884 654 949 sic
676 882 923 969 perordinem:
947 906 1034 970 aqua
1059 893 1175 951 sancta
1199 890 1310 967 antea,
1333 881 1451 950 deinde
1474 904 1563 964 crux,

385 989 602 1074 subsequatur
632 992 797 1057 incensum
827 1012 901 1056 cum
932 990 1059 1057 duobus
1096 987 1321 1074 candelabris3
1354 989 1496 1056 infantes
1530 998 1565 1055 et

384 1097 547 1162 conversi:
571 1098 693 1163 crreteri
715 1095 871 1163 incedant
895 1098 980 1163 sicut
1003 1108 1078 1164 sunt
1102 1097 1241 1183 priores,
1266 1096 1383 1163 deinde
1407 1096 1562 1164 feretrum

383 1211 458 1286 post
491 1224 613 1273 omnes.
675 1203 816 1270 Psalmis
851 1203 990 1289 expletis
1025 1215 1057 1271 et
1092 1202 1292 1289 antiphona,
1327 1225 1411 1290 quae
1445 1210 1497 1271 est
1529 1201 1564 1269 in

383 1309 573 1394 evangelio:
596 1315 742 1380 Absolve
772 1313 915 1389 domiin,
947 1321 1025 1378 tunc
1049 1311 1238 1399 pronuntiet
1261 1309 1433 1394 sacerdos,
1456 1312 1565 1377 Pater

382 1410 519 1485 noster.'
548 1420 593 1483 E!
622 1442 662 1484 are
691 1442 757 1484 nos.
804 1415 1013 1503 Capitulum,
1046 1422 1077 1486 A
1106 1430 1208 1506 porta
1239 1421 1355 1501 anseri.
1398 1418 1564 1484 Dominus

382 1526 558 1591 nobiscum.
612 1522 746 1608 Oratio,
780 1527 857 1591 riui
883 1529 1021 1593 domim.
1076 1522 1223 1612 Expleta
1258 1523 1364 1607 dicat,
1400 1523 1563 1590 Dominus

381 1635 557 1701 vobiscrnn.
604 1634 803 1716 Raqrniucot
831 1635 865 1699 in
888 1647 986 1719 pace.
1031 1632 1118 1699 Dein
1145 1629 1277 1697 inchoet
1300 1629 1472 1716 psalmum,
1496 1632 1563 1697 Mi·

381 1760 491 1804 serere
517 1741 683 1806 trucidans
705 1760 765 1823 pro
789 1739 953 1806 defunctis
975 1739 1021 1806 ibi
1046 1737 1194 1828 sepultis.
1234 1740 1342 1805 Pater
1363 1752 1484 1807 noster.
1519 1740 1565 1805 Er

381 1867 420 1910 ne
446 1869 514 1912 nos.
560 1848 592 1911 A
618 1858 721 1932 parto
751 1851 866 1932 inseri.
919 1844 1054 1931 Oratio,
1090 1849 1185 1915 Deus
1216 1848 1310 1933 crtJ'm
1339 1846 1562 1913 nrisrrotr'one.

382 1950 634 2018 Revertenthus
669 1954 794 2018 cunctis
828 1959 1005 2020 cantantur
1035 1963 1161 2041 septem
1196 1950 1315 2038 psalmi
1348 1972 1451 2037 usque
1485 1949 1562 2017 dum

382 2058 447 2124 sint
475 2058 509 2124 iu
539 2056 678 2125 ecelesia
708 2068 741 2126 et
771 2068 889 2145 pergat
914 2062 1135 2147 unusquisqne
1163 2056 1207 2124 ad
1229 2056 1338 2124 officia
1368 2079 1438 2126 sua.
1490 2055 1563 2124 Nee

382 2162 479 2231 debet
500 2162 590 2250 loqui
615 2166 648 2230 in
671 2164 824 2248 claustro,
849 2166 952 2252 usque
975 2166 1051 2233 dum
1075 2172 1195 2234 exeant
1226 2163 1369 2231 infantes
1383 2170 1416 2231 et
1439 2162 1562 2247 dicant,

383 2273 582 2355 Berredicite,
598 2273 627 2337 si
650 2278 777 2358 tempus
801 2278 852 2339 est
874 2271 1041 2359 loquendi.

470 2375 606 2465 Siquis
637 2387 747 2446 uuum
776 2379 817 2446 ‹le
849 2380 1069 2447 mediocribus
1099 2377 1298 2467 expiraverit
1327 2385 1422 2459 eant,
1446 2378 1562 2464 quanti

380 2485 471 2570 prior
489 2485 633 2570 jusserit.
681 2485 830 2552 Infantes
854 2486 953 2553 nichil
976 2498 1117 2575 pergunt
1141 2486 1176 2554 in
1198 2483 1262 2552 lrac
1285 2482 1378 2553 hora.
1410 2484 1461 2553 De
1484 2505 1562 2552 con·

379 2591 481 2657 uersis
515 2602 654 2676 pergant
683 2596 798 2679 quanti
831 2616 963 2661 necesse
996 2605 1086 2676 sunt,
1114 2602 1152 2661 ut
1175 2600 1309 2679 portent
1332 2592 1452 2674 omnin,
1476 2613 1562 2680 quae

380 2697 433 2766 uio
455 2721 596 2784 coumua
621 2709 707 2770 sunt.
755 2701 807 2768 De
830 2702 956 2788 reliquo
979 2702 1102 2769 faciant
1127 2701 1210 2770 deut
1235 2721 1345 2787 supra.

380 2951 436 3028 De
470 2952 598 3026 officiis
633 2953 769 3053 plenis,
807 2978 901 3054 quae
938 2956 1016 3031 fieri
1050 2957 1187 3032 debent
1215 2966 1363 3056 propter
1390 2964 1561 3056 parentes

379 3076 637 3152 monachorum
665 3088 846 3175 catervae,
875 3081 952 3157 sive
980 3105 1047 3180 pro
1067 3079 1307 3157 familiaribus
1326 3088 1381 3156 ter
1399 3079 1437 3155 in
1457 3104 1563 3155 anno.

467 3268 606 3340 LXIII.
642 3270 683 3337 In
706 3273 814 3359 capite
837 3272 1111 3360 quadragesimae

377 3377 445 3443 sire
467 3375 573 3462 pridie
595 3398 700 3474 nouas
719 3379 810 3465 julii,
842 3402 899 3447 sea
920 3381 1019 3448 tertio
1043 3381 1096 3450 die
1105 3381 1131 3466 ¹)
1152 3388 1229 3468 post
1252 3379 1461 3447 festivitatem
1485 3399 1563 3465 apo-

377 3482 534 3550 stolorum
557 3485 642 3570 petri
666 3494 699 3551 et
722 3485 822 3571 pauli,
847 3485 896 3553 rel
920 3495 1107 3555 sauctorum
1131 3487 1275 3556 cranium
1299 3489 1396 3555 tertio
1412 3486 1476 3569 die,
1498 3486 1564 3556 lroc

377 3589 473 3657 modo
489 3588 649 3657 scribatur
663 3592 696 3659 in
709 3592 940 3679 martyrologio
952 3594 986 3660 in
997 3593 1106 3662 fronte
1119 3594 1239 3682 pagiua
1250 3591 1374 3680 bileff).
1399 3597 1445 3665 ΙΙ.
1460 3618 1564 3664 nonos

366 3699 471 3785 salii:
495 3701 641 3784 officirnn
659 3703 793 3785 plrtnrrn
807 3704 879 3787 fiat
900 3702 1014 3769 dr‘tbns
1035 3716 1159 3788 septem
1173 3715 1244 3791 pro
1267 3706 1391 3770 cnrrctis
1407 3705 1564 3787 scurrilia·

377 3804 471 3871 ribns
485 3810 616 3885 nostris,
637 3810 813 3894 sicntficri
826 3832 895 3875 anos
910 3823 1035 3901 estpro
1045 3812 1226 3896 frutribus
1240 3813 1368 3877 noviter
1382 3811 1562 3894 defunctis,

377 3917 412 3976 et
440 3931 507 3976 una
533 3911 662 3996 justitia
691 3911 788 3979 detur
818 3914 954 3999 triginta
984 3915 1110 3987 diebus.
1158 3917 1230 3984 Pro
1259 3919 1474 4002 inperatore,
1505 3921 1567 4005 qni
1656 3941 1660 3951 ·

377 4017 502 4102 ergnrn
519 4022 634 4103 sanarit
656 4021 704 4086 ito
727 4022 914 4088 scribetur:
937 4020 1051 4091 Tertio
1076 4021 1159 4090 Idus
1177 4020 1254 4106 julii
1277 4020 1437 4109 depositio
1452 4019 1564 4089 domni

378 4122 513 4189 heinrici
536 4124 741 4209 imperatoris
765 4129 911 4212 augusti,
941 4139 1074 4198 nostrae
1097 4129 1269 4198 societatis
1292 4137 1323 4195 et
1347 4127 1565 4196 fraternitatis

378 4227 551 4311 karissimi,
574 4231 713 4298 officium
737 4232 796 4299 liat
812 4232 943 4319 plenum
959 4246 992 4303 et
1008 4235 1182 4306 duodecim
1199 4255 1360 4322 pauperes
1376 4234 1565 4303 reficiantur

179 4353 224 4394 ra.
241 4352 293 4391 aa
374 4335 569 4422 justitiaque
591 4337 616 4426 ][
639 4337 736 4406 detur
763 4361 821 4426 per
851 4349 975 4428 septem
1005 4342 1087 4415 dies.
1134 4347 1205 4412 Pro
1233 4344 1351 4410 abbate
1372 4347 1478 4430 aprina
1501 4344 1567 4411 loci

378 4444 426 4509 ito
455 4446 661 4513 scribantur.-
691 4445 732 4511 In
762 4445 966 4531 depositione
996 4449 1109 4518 domni
1137 4447 1226 4518 illius
1255 4447 1409 4517 abbatius
1431 4448 1563 4536 plenum

377 4546 516 4616 officium
541 4549 610 4632 liat,
634 4550 870 4642 duodecimque
892 4577 1055 4645 pauperes
1076 4555 1281 4625 reficiantur.

469 4743 625 4812 ippum
679 4705 690 4718 ᾗ
