3792 5375
806 545 1052 609 -153-

339 735 427 803 Nam
451 735 560 803 nuilus
583 737 707 822 absque
730 760 843 804 mensa
872 736 1023 805 comedat
1052 736 1104 807 cei
1133 733 1242 813 bibat,
1273 744 1404 820 pinaster
1431 732 1515 815 illos,

339 845 394 929 qui
425 845 459 910 in
489 842 586 912 domo
616 842 817 911 infirmorum
847 851 939 925 sunt,
974 866 1036 913 nec
1065 852 1143 913 ante
1173 840 1272 908 tentia
1301 841 1387 907 ullus
1418 838 1516 909 debet

340 952 510 1019 comedere
534 953 595 1019 nisi
619 952 744 1038 signum
768 952 909 1039 primum
930 952 1121 1024 insonuerit.

429 1057 584 1125 Mantdia
608 1065 775 1125 mutentur
796 1060 830 1125 in
846 1058 1018 1128 refecton'o
1034 1080 1094 1146 per
1109 1077 1221 1126 omnes
1238 1054 1419 1141 quindecim
1434 1052 1515 1137 dies,

339 1165 530 1232 linteamina
552 1173 662 1232 antem
686 1186 841 1233 mannum
864 1166 951 1233 omni
974 1165 1027 1234 die
1051 1162 1215 1235 dominico
1237 1169 1415 1249 apparente
1432 1160 1515 1243 tuce,

340 1280 516 1359 autequam
540 1274 632 1360 puen'
657 1280 802 1359 surgant.
1075 1342 1080 1349 ,

429 1378 566 1461 Protei,
596 1380 651 1467 qni
675 1378 794 1446 alicubi
818 1377 933 1462 suerit,
968 1379 1100 1447 veniens
1134 1376 1169 1446 in
1203 1376 1381 1462 capitulum
1414 1396 1516 1461 nsque

339 1485 415 1551 (lum
445 1509 527 1571 puer
548 1486 573 1577 ][
599 1486 714 1572 legeuit
744 1485 1011 1572 martyrologium
1040 1508 1116 1554 cunn
1145 1483 1284 1563 sanctis,
1313 1504 1377 1550 non
1406 1484 1514 1549 Intret.

339 1592 426 1658 Dum
451 1593 560 1662 inians
582 1594 711 1674 dixem't,
734 1596 779 1661 Et
800 1598 946 1661 aliorum
961 1597 1192 1681 plurimorum
1214 1606 1420 1659 sauctorum:
1437 1597 1515 1657 tunc

339 1708 403 1765 aut.
451 1700 507 1766 Ad
531 1701 701 1767 lectionem
725 1700 883 1786 evangelii
906 1700 956 1768 sel
979 1699 1114 1788 quando
1140 1697 1249 1767 nmis
1258 1696 1283 1781 ¹)
1311 1696 1431 1784 legitor
1458 1718 1516 1783 po·

338 1807 416 1873 terit
438 1805 621 1892 introire.¹)
739 1880 743 1889 ,

429 1913 465 1981 Si
489 1916 562 1999 quis
585 1913 727 1981 calidum
756 1922 868 2001 potum
892 1914 960 1982 vuit
989 1913 1113 1984 usitare
1143 1912 1188 1982 nd
1217 1913 1386 1980 casitatem
1416 1910 1516 1979 colla·

338 2022 446 2101 timis,
470 2022 613 2106 potuerit
636 2021 744 2089 iacere
767 2022 801 2089 in
824 2022 895 2089 ioco
918 2044 988 2108 suo,
1012 2024 1112 2090 etiam
1134 2027 1170 2090 st
1192 2018 1294 2105 pueri,
1318 2019 1415 2086 etiam
1439 2019 1516 2086 siin

338 2129 421 2195 senia
445 2137 538 2196 sextu
567 2151 602 2194 se
632 2128 764 2202 radunt.
812 2127 1030 2216 Similiterque
1060 2126 1218 2199 scutellae
1247 2148 1320 2193 cum
1348 2126 1414 2194 ullo
1443 2125 1516 2196 eliso

339 2258 403 2301 mm
428 2236 598 2302 mittantur
621 2258 720 2323 super
742 2236 911 2320 mantiles,
939 2238 1004 2305 nisi
1033 2234 1167 2325 qnando
1197 2241 1369 2319 coopertae
1397 2233 1517 2301 fuerint

337 2341 481 2409 tabulae.
1438 2424 1449 2441 ο

426 2448 509 2516 Cum
534 2449 653 2535 aliquis
679 2452 808 2518 nuntiat
838 2450 949 2518 fideles
979 2452 1146 2519 orationes
1174 2469 1216 2515 ex
1246 2447 1377 2536 parte¹)
1407 2445 1515 2515 domni

338 2556 477 2638 abnuis,
501 2557 556 2623 alii
580 2557 782 2624 descendant
797 2558 838 2626 de
854 2560 922 2626 suis
937 2556 1166 2645 suppedaneis,
1189 2562 1224 2624 et
1245 2563 1360 2641 petunt
1374 2556 1516 2639 veniam

338 2665 408 2749 ipse
431 2665 530 2749 nond
553 2665 743 2746 descendat,
767 2666 822 2754 qui
846 2668 978 2734 nuntiat
999 2689 1061 2735 nee
1083 2671 1178 2755 petat
1200 2662 1338 2746 veniam,
1361 2662 1420 2731 sed
1441 2684 1516 2750 sup·

337 2772 412 2858 plex
436 2772 526 2839 dicat
548 2772 638 2840 illae:
669 2796 729 2859 por
757 2796 851 2841 nsum
874 2796 950 2842 vero
973 2775 1082 2843 nnlins
1105 2770 1283 2842 descendit.
1296 2771 1338 2839 de
1359 2770 1515 2857 pedaneis

337 2901 396 2963 pro
420 2878 486 2945 ullo
509 2881 634 2964 nuntio,
657 2881 720 2948 nisi
742 2881 875 2969 quando
897 2882 1176 2968 pronuntiabitur,
1199 2880 1370 2948 ‘tinuimus
1391 2881 1518 2946 deretini

337 2992 445 3055 nostri
459 2993 539 3076 jesu
564 2991 696 3072 christi,
724 2989 814 3055 etin
838 2990 1085 3057 annuntiotione
1108 2985 1231 3057 donnini
1240 2983 1269 3073 ⁸)
1291 3007 1389 3071 super
1410 3006 1516 3073 genna

337 3101 454 3178 petant
476 3096 614 3164 veniam.

427 3201 467 3267 In
492 3201 664 3270 duodecim
689 3202 891 3284 lectionibus,
919 3203 946 3269 si
977 3203 1051 3290 qnia
1074 3200 1144 3272 tnlt
1165 3206 1302 3270 anum
1323 3206 1399 3286 post
1428 3199 1515 3285 capi·

337 3308 440 3373 tutum
464 3311 607 3390 missum,
631 3332 697 3376 non
719 3317 860 3395 quaerat
881 3308 1057 3378 licentiam.

426 3416 553 3484 Diebus
584 3416 753 3485 dominicis
783 3424 917 3484 sanctus
946 3417 1140 3486 benedictus
1173 3413 1269 3503 jubet
1299 3420 1335 3481 ut
1368 3413 1516 3502 onmes')

336 3523 455 3607 legunt,
466 3524 494 3610 ⁴)
517 3524 636 3609 quibus
659 3546 725 3591 non
748 3534 836 3593 esset
862 3523 1154 3610 praetereundum,
1176 3519 1238 3591 sed
1259 3542 1333 3588 eum
1355 3520 1516 3590 desiderio

337 3615 577 3718 iaciendu111{²)
609 3641 644 3698 at
668 3639 777 3698 tumen
801 3640 936 3718 propter
965 3653 1048 3718 opus
1078 3630 1149 3714 dei,
1178 3629 1207 3696 si
1235 3628 1307 3714 quis
1335 3627 1437 3697 habet
1465 3649 1514 3697 re·

336 3739 540 3823 sponsorium
564 3739 614 3806 sel
638 3739 788 3825 Allelnja
816 3739 860 3805 ud
890 3741 1039 3820 missam,
1070 3747 1150 3807 ante
1180 3736 1318 3822 primam
1347 3745 1447 3803 canat
1468 3737 1515 3804 sio

335 3845 462 3930 leniter,
490 3855 528 3913 ut
550 3846 672 3913 cneteui
701 3867 766 3914 non
796 3845 1034 3934 impediantur3
1068 3845 1145 3914 niiis
1174 3864 1251 3910 seno
1278 3841 1368 3910 boris
1395 3842 1514 3929 legant

335 3951 376 4019 Iu
400 3956 549 4022 maximis
573 3954 665 4021 iestis
681 3953 796 4021 eadem
812 3953 954 4039 fuciunt3
977 3955 1005 4021 si
1021 3960 1131 4021 tamen
1148 3950 1286 4038 jusserit
1300 3950 1330 4016 ei
1344 3950 1514 4033 armarius,

335 4060 362 4125 si
386 4067 454 4126 tum
478 4061 633 4128 insciolus
656 4067 716 4131 est

425 4167 467 4233 In
491 4166 543 4234 die
567 4167 727 4236 dominico
751 4168 882 4235 uideant
907 4168 1041 4249 inatres,
1071 4176 1108 4235 nt
1131 4186 1246 4235 omnes
1275 4164 1341 4231 siut
1368 4163 1412 4231 ad
1441 4186 1514 4251 pro·

335 4273 525 4341 cessionem.
556 4272 654 4341 Feria
678 4275 739 4344 lv.
757 4273 885 4364 seiVI.
910 4275 1060 4342 similiter
1081 4270 1279 4354 fiueiendum,
1303 4279 1340 4338 nt
1362 4279 1397 4339 et
1410 4270 1514 4338 abbas

335 4521 338 4526 y
426 4450 448 4519 ¹)
470 4453 500 4508 tn
520 4457 613 4509 textu:
636 4436 767 4520 ,boeiis“.
805 4451 920 4507 Rasum.

425 4540 448 4611 ¹)
469 4541 584 4597 Rasum.

424 4628 447 4698 ⁸)
468 4629 499 4686 Id
518 4635 561 4686 est
579 4630 624 4686 die
641 4630 677 4684 25
696 4628 798 4686 Itartii.

426 4722 448 4792 ⁴)
471 4720 539 4792 Reg.
557 4719 584 4777 S.
604 4718 705 4776 Bened.
723 4735 748 4774 o.
766 4718 894 4775 XLVIII.
