3792 5375
880 579 1126 642 ..200-

412 773 520 841 Dictis
554 771 688 859 psalmis
719 770 934 837 tirmiliuribus
963 780 998 838 et
1032 772 1270 838 Benedicamus
1293 773 1451 854 Domino,
1478 770 1592 836 statim

412 882 583 966 pulsentur
603 879 713 945 omniu
735 879 844 962 sigua3
875 878 930 943 alii
954 878 1019 945 dno
1043 877 1136 963 pueri
1159 884 1236 944 ante
1260 878 1366 943 altare
1390 876 1474 943 albis
1497 877 1592 942 resti·

412 986 472 1053 bus
501 987 607 1052 induti
638 985 750 1052 dicant
779 985 1037 1070 responsorium,
1072 984 1232 1049 diaconus
1261 991 1294 1049 et
1319 982 1535 1051 subdiaconus
1558 984 1593 1049 iu

410 1094 534 1174 casula,
558 1100 593 1158 et
614 1100 682 1159 tres
705 1092 851 1159 conversi
875 1114 1013 1176 qnorum
1037 1092 1101 1158 duo
1126 1089 1343 1174 candelabre,
1372 1091 1489 1157 tertius
1511 1090 1592 1156 turi·

413 1200 533 1267 bulum.

500 1304 641 1392 Quando
665 1305 783 1371 obierit
806 1304 923 1390 aliquis
946 1303 988 1369 do
1012 1303 1202 1391 parentibus
1226 1304 1376 1369 uruuachi
1399 1304 1503 1388 ipsius
1517 1302 1592 1382 loci,

410 1421 515 1498 puter,
539 1424 596 1479 aut
621 1420 735 1495 trister,
758 1410 809 1478 vel
833 1433 935 1491 soror,
960 1418 994 1477 et
1016 1413 1045 1477 ei
1057 1412 1240 1476 nuntiatum
1264 1409 1373 1492 iuuerit,
1391 1410 1425 1476 in
1448 1411 1593 1478 crastino

412 1519 668 1586 satisfactionem
699 1518 808 1587 iaciat.
855 1518 1084 1602 Interrogatus
1114 1539 1208 1602 reru,
1241 1518 1333 1598 Quid
1345 1516 1483 1605 petin's?
1528 1516 1592 1585 Ille

410 1626 626 1712 respoudeat:
651 1628 789 1693 Domini
802 1627 1077 1703 ruz’sericordiauu
1102 1627 1284 1692 mercedem
1303 1638 1449 1692 vestram
1457 1638 1593 1713 precor.

411 1731 504 1798 Tunc
528 1742 640 1817 surgat
665 1742 697 1799 et
720 1731 870 1799 absolvat
894 1752 933 1799 eo
957 1733 1048 1817 prior
1070 1733 1176 1817 ipsum
1200 1730 1404 1812 defunctum,
1433 1739 1467 1798 et
1489 1730 1594 1799 frater

409 1840 561 1924 procidat
588 1839 632 1906 ad
662 1839 798 1923 vestigia
829 1839 907 1924 ejus.
956 1837 1066 1905 Debet
1084 1838 1202 1923 jubere
1224 1837 1330 1904 rubbes
1354 1836 1404 1904 uel
1427 1838 1534 1925 prior,
1564 1840 1593 1905 si

410 1945 513 2012 abbas
535 1968 601 2013 nou
626 1952 692 2029 est,
723 1954 759 2012 ut
789 1968 901 2013 omnes
926 1944 1038 2011 dicant
1061 1946 1298 2031 quinquaginta
1328 1944 1482 2032 psalmos.
1528 1944 1593 2033 Qui

411 2075 477 2119 non
500 2054 562 2120 scit
585 2054 730 2140 psalmos
754 2075 826 2118 curu
851 2051 921 2119 solo
944 2056 1072 2121 Misere
1095 2058 1161 2120 urei
1182 2055 1262 2119 drus
1288 2060 1396 2138 potest
1426 2074 1466 2120 ea
1490 2051 1594 2119 adim·

411 2159 512 2245 plere,
536 2166 568 2226 et
592 2161 648 2246 qui
672 2170 741 2226 tum
764 2160 916 2226 insciolus
940 2166 1001 2238 est,
1025 2158 1126 2225 faciut
1150 2181 1223 2224 cum
1247 2162 1352 2226 Pater
1374 2170 1493 2226 noster.

499 2267 542 2334 Iu
566 2267 822 2332 anniversarium
844 2287 967 2344 eorum,
991 2267 1062 2351 ipse
1086 2264 1199 2349 irater,
1224 2266 1319 2351 cujus
1334 2274 1487 2352 parentes
1506 2275 1593 2345 sunt,

410 2373 540 2457 quando
569 2374 729 2453 evenerit,
761 2372 950 2441 sacerdotes
982 2372 1209 2440 tautummodo
1240 2380 1334 2458 roget
1363 2373 1534 2459 privatim,
1557 2380 1596 2440 ut

408 2487 504 2548 orent
526 2502 587 2566 pro
610 2481 666 2548 eis.

435 2734 492 2811 De
520 2734 627 2834 pleno
655 2735 773 2810 officio
802 2735 950 2834 quaudo
983 2733 1201 2810 celebraturi
1235 2745 1320 2809 sunt
1351 2732 1420 2810 hoc
1455 2734 1562 2811 modo

864 2860 1047 2959 agendum
1075 2869 1141 2942 est

496 3051 595 3122 LIX.
630 3052 688 3119 Ad
711 3052 836 3138 uigilias
859 3052 998 3138 pulsatis
1021 3053 1149 3121 cunetis

407 3159 508 3244 signis
538 3161 601 3226 tria
633 3158 833 3227 caudelabra
862 3168 1027 3245 ponantur
1059 3169 1137 3225 ante
1169 3159 1275 3225 altare
1306 3167 1338 3225 et
1372 3157 1415 3225 ud
1444 3158 1589 3228 missam.

407 3264 465 3331 Ad
488 3266 713 3333 matutinalem
738 3269 867 3333 missam
897 3265 1005 3332 denuo
1035 3264 1208 3352 pulsentur
1232 3268 1342 3333 onmia
1364 3267 1468 3352 signa.
1514 3263 1591 3335 Sint

407 3379 564 3457 quattuor
589 3372 732 3439 infantes
762 3374 924 3456 revestiti,
956 3394 1041 3439 unus
1070 3373 1105 3439 in
1135 3371 1235 3440 choro
1259 3394 1332 3439 cum
1355 3394 1477 3459 cuppa,
1506 3373 1591 3441 alins

406 3478 496 3564 legat
518 3478 690 3565 epistolam
714 3501 787 3546 cum
812 3478 937 3546 casula.
970 3478 1028 3546 Ad
1046 3482 1153 3567 Kyrit
1175 3483 1301 3568 eleyson
1324 3487 1480 3565 exuatnr3
1502 3479 1592 3549 lecta

408 3585 546 3672 epistola
575 3608 702 3652 rursum
733 3586 867 3670 induat,
899 3595 931 3654 et
963 3593 1029 3655 stet
1058 3587 1092 3653 in
1122 3586 1223 3656 choro
1252 3587 1287 3654 iu
1309 3585 1382 3654 looo
1405 3608 1465 3656 ruo
1488 3609 1591 3675 usque

408 3690 484 3757 dum
501 3692 635 3760 finiatur
653 3694 764 3760 uiissa.
794 3692 871 3759 Duo
886 3715 963 3759 vero
982 3692 1126 3774 inullis,
1146 3703 1182 3759 ut
1199 3699 1335 3760 cantent
1349 3694 1591 3780 responsorium

406 3804 442 3864 et
468 3805 538 3866 tres
568 3801 732 3881 conversi,
763 3798 828 3865 dno
858 3798 902 3866 ad
926 3798 1127 3866 caudelabra
1150 3806 1185 3866 et
1207 3800 1325 3868 tertius
1347 3799 1391 3866 ud
1413 3799 1591 3868 turibulum

408 3903 618 3971 deferendum
649 3926 709 3992 per
738 3904 890 3986 chorum,
921 3906 956 3972 in
986 3907 1100 3992 primis
1123 3905 1168 3972 ud
1191 3905 1359 3991 infantem,
1383 3908 1411 3972 si
1434 3907 1469 3973 in
1491 3897 1610 3976 choro⁸

408 4019 473 4078 stat
496 4021 632 4098 propter
660 4012 822 4095 officium,
850 4011 969 4081 deinde
999 4034 1060 4099 per
1082 4034 1195 4079 omues
1218 4011 1349 4081 iratres.
1372 4014 1398 4101 ll
1420 4013 1592 4082 Diaconos

407 4117 440 4183 iu
476 4118 587 4184 casula
622 4116 666 4184 ud
701 4118 902 4204 evangelium
938 4119 1122 4204 legendum.
1165 4118 1354 4187 Perlectum
1388 4120 1591 4207 euangelium

406 4224 530 4290 iniunts
553 4223 680 4291 deierat
702 4247 763 4312 per
784 4247 907 4309 omnes,
938 4227 1051 4313 quiin
1074 4225 1175 4294 choro
1197 4234 1299 4296 stant
1346 4225 1509 4295 Sacerdos
1531 4227 1592 4296 im·

406 4330 520 4415 primis
529 4331 556 4419 ¹)
598 4331 688 4399 dicat
720 4332 892 4400 collectam
927 4332 1032 4417 nlius,
1067 4356 1128 4421 pro
1160 4354 1226 4419 qno
1265 4332 1408 4401 osticium
1449 4332 1590 4418 dicatur,

407 4434 525 4504 deinde
558 4437 641 4505 alias
673 4440 856 4520 orationes,
891 4460 978 4525 qaue
1012 4448 1190 4508 eonsuetae
1223 4448 1310 4509 eunt.
1356 4439 1398 4507 Iu
1431 4442 1504 4527 ipso
1538 4441 1592 4510 die

408 4540 528 4611 debent
551 4544 671 4612 iratres
700 4544 823 4613 habere
852 4547 887 4613 in
917 4545 1091 4614 refectorio
1113 4556 1211 4613 terna
1233 4545 1401 4633 pulmenta
1425 4546 1469 4614 ad
1493 4547 1591 4617 eden·

435 4670 622 4683 Ἥ

499 4737 655 4805 „m
