3792 5375
756 470 978 534 „35-

412 700 513 774 Talis
542 672 782 801 apostolicum
810 700 894 776 colit
922 702 1159 777 observantia
1189 702 1334 783 testum

364 873 551 942 LXXXV.
592 873 717 962 l'igilia
751 876 859 942 suncti
893 878 979 963 petri
1012 884 1092 944 aute
1126 877 1267 965 primam
1297 876 1461 946 adornent

271 989 376 1047 toturn
400 981 573 1048 ecclesiam
603 1003 664 1069 per
686 982 837 1050 ordinem
860 982 942 1050 sicut
974 982 1037 1050 suit
1061 985 1095 1049 in
1119 983 1229 1068 vigilia
1257 982 1381 1051 natalia
1404 984 1461 1052 do·

273 1089 350 1154 mini
373 1109 503 1156 necnon
526 1097 558 1156 et
582 1089 723 1174 squillae
741 1098 918 1174 argenteae
933 1101 1033 1176 atque
1042 1091 1051 1127 ¹
1053 1107 1067 1174 y
1083 1091 1232 1157 mantilia
1247 1098 1281 1157 et
1296 1089 1459 1162 bancalia

272 1195 429 1262 Similiter
452 1196 634 1282 capitulum
660 1196 845 1263 decoretur.
880 1195 1019 1264 Missam
1043 1197 1272 1264 matutinalem
1295 1206 1397 1284 agant
1419 1198 1462 1266 de

271 1311 387 1370 sancto
411 1302 504 1370 leone
528 1325 626 1390 papa.
673 1301 842 1386 Officium,
876 1310 1008 1374 Stetrri!
1026 1310 1067 1373 α’.
1114 1303 1252 1390 Oratio,
1287 1308 1381 1374 Deus
1403 1309 1464 1393 qni

271 1414 401 1478 hencnnr
425 1414 546 1477 nomm
570 1418 603 1477 et
627 1410 765 1478 collecta
788 1409 876 1477 beati
896 1411 1069 1496 johannis,
1095 1413 1243 1480 Concede
1263 1436 1461 1501 quaesumus

270 1522 469 1604 onrnr‘pncrns
492 1522 573 1584 dens
596 1525 629 1584 et
653 1516 739 1585 aliae
763 1518 1072 1585 consuetudinariae
1088 1540 1150 1606 pro
1165 1518 1257 1604 risis,
1280 1517 1460 1605 adjungen-

270 1632 331 1704 tes,
348 1629 550 1693 Sanctnrnm
567 1636 708 1706 terarum,
733 1625 939 1692 novissimae.
972 1625 1137 1713 Epistola,
1153 1630 1241 1694 Ecce
1255 1628 1461 1697 sacerdon&
1489 1642 1519 1687 (·)
1536 1643 1612 1685 ῑκῑί·
1627 1645 1714 1698 mv.

271 1730 504 1817 Evangelium,
542 1735 662 1810 li‘dctc,
687 1734 830 1819 vigilate
851 1746 885 1801 et
904 1735 1046 1802 eranam)
1090 1731 1305 1800 offerendam
1335 1731 1461 1802 iaciant
1489 1708 1715 1832 0.„,„:,⁷,}„„„

270 1861 394 1908 onrnes.
439 1838 522 1906 Post
554 1848 683 1906 sextam
713 1862 788 1906 cum
818 1839 981 1907 audierint
1012 1842 1158 1926 signum,
1188 1847 1327 1927 surgant
1353 1839 1460 1909 elee-

271 1945 358 2027 tnlis,
397 1944 508 2012 lavent
532 1967 650 2014 manus
673 1954 774 2032 atque
799 1946 900 2013 iacies
922 1954 956 2014 et
978 1956 1056 2014 caut
1083 1948 1178 2034 pueri
1204 1948 1239 2014 in
1265 1947 1460 2015 aecclesiam

270 2052 396 2139 ulrsque
420 2052 520 2119 ullius
543 2055 652 2119 sonitu
676 2054 779 2139 signi,
804 2052 926 2120 iaciant
948 2055 1133 2122 emtionem
1156 2061 1191 2121 et
1213 2053 1394 2122 induantur
1407 2076 1460 2122 aa·

270 2160 386 2226 cerdos
403 2160 525 2243 casula,
550 2160 707 2227 diaconus
725 2160 916 2244 dalmatica,
940 2160 1164 2229 subdiaconus
1178 2162 1302 2232 tunica.
1332 2159 1461 2230 Cantor

270 2269 302 2333 in
327 2266 426 2333 choro
450 2290 523 2333 eum
548 2289 666 2354 cappa,
691 2276 760 2335 tres
784 2268 932 2335 conuersi
949 2268 1048 2350 alliis,
1070 2291 1211 2354 quorum
1227 2268 1293 2335 duo
1309 2268 1460 2337 deserant

269 2373 426 2441 candelas
450 2383 484 2440 et
507 2373 698 2456 turibulum,
722 2374 866 2441 infantes
881 2396 994 2441 omncs
1009 2376 1074 2442 siut
1090 2376 1125 2441 in
1139 2374 1237 2459 albis,
1259 2373 1325 2443 duo
1341 2374 1460 2444 iratres
1571 2456 1576 2464 ⁴

269 2484 302 2547 irr
337 2481 452 2568 cappis
487 2481 531 2547 ud
566 2480 813 2548 decantandum
847 2483 1090 2567 responsorium
1123 2488 1157 2550 et
1187 2489 1258 2549 tum
1286 2481 1461 2570 pulsentur

270 2588 379 2655 omnia
397 2589 509 2673 signn3
533 2596 600 2654 tres
623 2589 711 2655 cerei
728 2595 923 2675 coaptentur
937 2588 982 2656 ad
997 2589 1084 2656 hauc
1098 2589 1234 2657 missam
1250 2597 1328 2657 aute
1342 2589 1459 2661 altare.

268 2696 438 2781 Officium,
474 2698 577 2765 Dixit
597 2702 751 2766 doarium
768 2711 877 2783 petro.
922 2696 1059 2779 Oratio,
1093 2701 1240 2766 Praesta
1261 2722 1460 2786 quaesamus

267 2807 357 2884 dens,
382 2817 419 2869 nt
433 2807 544 2871 nullis.
575 2803 845 2889 lle-sponsoriunr,
869 2808 908 2871 ln
923 2828 1051 2871 onrrrcnr
1064 2819 1207 2873 narrum.
1234 2802 1459 2886 Offerendam,

265 2914 356 2978 Mr'lri
376 2925 485 2979 urrtcrn
511 2913 620 2979 trimis.
669 2909 872 2993 verniculus,
899 2913 1042 2979 Dornr'ne
1058 2913 1217 2997 probasti
1238 2936 1298 2982 me.
1346 2910 1459 2981 Verni-

261 3017 364 3100 culm,
391 3021 593 3086 Intellexisti
614 3021 872 3105 cogitationes).
919 3017 1131 3099 Versiculos,
1155 3022 1243 3086 Ecce
1263 3032 1301 3087 tu
1323 3023 1456 3088 dominc

263 3127 456 3210 cngrreristi.
502 3124 709 3209 Versiculos,
733 3126 847 3193 ⁴Vincis
870 3129 1082 3209 confortatas
1103 3138 1164 3192 cst.
1210 3123 1336 3192 Textee
1358 3145 1457 3192 evan·

262 3231 339 3316 getii
368 3232 561 3318 deportetur
584 3232 629 3300 ad
652 3253 784 3316 ornnes,
814 3230 984 3298 offerenda
1009 3253 1095 3297 unns
1119 3230 1241 3315 meiat,
1272 3230 1318 3299 nd
1339 3251 1456 3318 paoem

261 3361 374 3406 omnes
398 3339 575 3424 accedant3
599 3341 633 3405 in
657 3339 869 3406 refectorium
893 3337 1029 3404 tabulae
1052 3346 1220 3425 cooperte.
1254 3336 1454 3407 Generalem

222 3513 224 3521 ,
262 3448 371 3513 cuncti
401 3446 547 3513 habeant
576 3456 679 3532 atque
709 3446 921 3532 pietantiam,
960 3445 1183 3531 qualicunque
1213 3445 1360 3513 evenerit
1389 3444 1453 3512 die.

261 3553 379 3639 Adeps
402 3575 462 3621 nec
485 3552 679 3620 comedatur
702 3554 775 3639 ipsa
797 3551 862 3619 dic.
908 3553 1050 3619 Karitas
1060 3552 1088 3640 ][
1099 3553 1296 3639 propinetur
1317 3551 1362 3619 ad
1383 3572 1453 3618 om·
1580 3600 1587 3614 .

263 3682 320 3727 nes
343 3669 376 3727 et
400 3658 555 3744 quicquid
579 3661 775 3727 remanserit
799 3681 839 3726 ex
863 3681 948 3744 pane
971 3668 1004 3726 et
1027 3659 1103 3727 rino
1125 3658 1384 3746 elemosynariua
1399 3679 1453 3726 ac·

261 3767 372 3853 cipiat.
396 3766 454 3832 Ad
467 3787 634 3850 uesperam
649 3765 714 3833 duo
729 3767 823 3851 signa
835 3766 991 3854 pariter¹l
1006 3766 1188 3852 pulsentur.
1212 3765 1331 3834 Caenei
1342 3764 1452 3833 ΧΠοε

262 3881 342 3941 ante
366 3872 472 3939 altare
496 3872 701 3939 collocentur
722 3881 757 3940 et
780 3881 870 3940 retro
892 3874 925 3939 in
945 3873 1165 3939 instrumento
1188 3871 1313 3939 decem.
1347 3870 1453 3960 Quat·

261 3991 338 4047 tuor
360 3979 520 4046 columnis
543 3980 653 4046 enerei
676 3978 918 4059 accendantur,
956 4001 1043 4065 quae
1072 3977 1216 4045 ardeant
1238 3999 1343 4066 usque
1366 3999 1453 4046 eorn-

261 4086 435 4173 pletorium
460 4085 595 4152 alterius
620 4085 703 4169 diei,
742 4094 775 4153 et
806 4107 866 4171 per
895 4084 1150 4170 unumquodque
1173 4084 1282 4152 altare
1304 4083 1452 4170 singulae

261 4192 419 4259 candelae
443 4191 697 4260 distribuantur.
744 4191 971 4277 Antiphonem
1000 4191 1088 4258 lanne
1110 4190 1226 4259 dicant
1249 4190 1293 4258 ad
1323 4191 1451 4258 initium

263 4320 436 4386 vesperae,
470 4302 572 4366 Bran
592 4301 689 4367 crinis
712 4322 785 4366 cum
810 4321 868 4366 eos
889 4301 1021 4366 ornain
1039 4299 1188 4366 turnines
1210 4305 1244 4364 et
1266 4297 1386 4385 psalmi
1410 4296 1452 4365 de

262 4404 345 4472 feria
368 4405 470 4491 ipsius
494 4404 570 4472 diei.
617 4403 820 4491 Capitulum,
844 4407 968 4472 Petrus
988 4406 1133 4492 quidem.
1179 4402 1450 4490 Respousoriuur,

262 4559 477 4569 ...ι-...Μ

353 4635 375 4704 ¹)
394 4635 510 4693 Rasum.
