3792 5375
812 542 1035 605 ..43-

335 734 532 800 collectario.
582 735 719 802 Ocrar
741 758 803 801 aar
825 750 899 821 spes
925 736 1033 813 anisa,
1058 731 1125 798 Per
1147 752 1407 817 unumquemque
1430 729 1515 798 disan

335 850 370 906 ut
393 841 535 906 ilixciint
560 863 661 926 usque
685 840 727 905 ad
751 841 960 907 streilictatern
984 840 1086 927 ipsius
1106 838 1191 905 uersi
1206 837 1327 905 adelini
1350 845 1514 906 maneant

424 946 523 1013 LIII.
549 945 604 1013 Sic
627 947 723 1014 decet
745 949 777 1013 in
802 947 919 1035 palmis
944 956 1056 1034 patres
1080 945 1247 1011 celebrare
1270 950 1352 1030 quot
1374 945 1477 1014 mnis.

424 1052 573 1120 Sabbata
596 1054 638 1119 In
663 1054 797 1123 I'alrnis.
843 1054 924 1120 'I'ria
959 1053 1068 1119 Pallia
1108 1052 1213 1118 tribus
1253 1061 1517 1138 superponantur

334 1160 496 1229 altaribus
520 1171 598 1228 ante
617 1184 770 1247 resperas
793 1171 870 1249 post
892 1160 1072 1248 principale
1088 1160 1202 1226 altare.
1237 1157 1409 1246 Reliquiae
1424 1179 1515 1225 sanc·

335 1280 442 1333 tornns
466 1277 662 1354 coaptentur
684 1270 717 1335 in
740 1268 900 1354 lignorum
923 1267 1215 1354 conpositionibus,
1239 1275 1276 1333 ut
1298 1265 1419 1332 deferri
1440 1285 1515 1332 con·

334 1397 414 1459 grue
450 1377 586 1461 possint.
639 1377 793 1442 Fanones
828 1377 895 1442 sire
928 1376 1012 1441 rami
1051 1374 1236 1461 palmarum
1273 1394 1347 1439 cum
1384 1370 1517 1439 floribus

334 1492 585 1567 praeparentur,
609 1491 644 1549 ut
660 1484 693 1548 in
709 1484 854 1549 crastino
874 1481 965 1549 nulla
988 1481 1047 1548 fiat
1070 1481 1265 1549 retardatio.
1301 1478 1355 1547 Sit
1377 1499 1516 1564 namque

335 1587 518 1654 adornatus
553 1589 672 1656 chorus
705 1589 955 1658 bancanalibus.
1009 1589 1116 1656 Missa
1150 1587 1253 1674 ipsius
1289 1586 1354 1653 diei
1388 1585 1517 1673 expleta

334 1694 443 1760 Pallia
473 1702 566 1762 texta
595 1718 676 1762 auro
706 1698 739 1762 iu
770 1697 877 1782 majus
904 1696 1011 1763 altare
1034 1697 1224 1764 adornetur.
1270 1692 1328 1760 Ad
1350 1714 1518 1780 vesperam

335 1802 444 1866 tannia
468 1802 561 1886 sigua
584 1810 710 1872 sonent.
756 1803 963 1890 Capitulum,
994 1806 1067 1872 Hoc
1093 1805 1210 1870 sentite
1231 1806 1265 1870 ire
1288 1802 1390 1868 vobis.
1434 1799 1517 1866 Res·

335 1910 535 1994 ponsariurn,
559 1913 700 1978 Fratres
723 1914 795 1980 mei.
832 1909 973 1991 Ymnus,
1006 1913 1147 1980 Vexr'lla.
1183 1906 1387 1995 Antiphone,
1412 1908 1518 1976 Clari·

325 2019 399 2102 sica
423 2039 473 2081 rae
489 2031 601 2102 pater.
648 2016 780 2097 Oratio,
812 2019 1023 2105 Omnipotens
1045 2019 1263 2105 sempiternae
1285 2018 1389 2084 Deus.
1422 2011 1517 2081 Vita·

335 2123 454 2189 toiiurn
486 2123 551 2189 dno
582 2123 701 2191 fratres
730 2125 764 2190 in
794 2125 887 2191 albis.
932 2124 1006 2212 Ipsi
1035 2146 1112 2191 vero
1136 2123 1311 2191 Lectiones
1333 2123 1358 2211 ][
1380 2129 1455 2190 octo
1477 2144 1518 2188 ex
1599 2136 1639 2177 ra
1653 2138 1696 2178 υ·

335 2229 502 2312 hieremia,
535 2233 692 2315 Verbum,
724 2236 813 2317 qaod
824 2236 964 2319 sactum
988 2245 1038 2299 est
1058 2236 1110 2304 aa
1127 2233 1322 2300 hieremiam
1346 2254 1368 2296 a
1389 2233 1520 2297 dantiae

336 2339 457 2406 diceas.
504 2343 620 2424 Surge
641 2353 674 2407 et
695 2343 851 2407 descende
873 2343 909 2406 ia
932 2341 1063 2407 doraum
1076 2339 1236 2426 figrrlr‘.‘⁸l
1273 2336 1316 2404 In
1340 2337 1437 2403 tertio
1459 2335 1517 2402 ho·
1554 2348 1776 2402 sacrarum,
1867 2370 1868 2379 ¹

337 2443 432 2511 melia
467 2444 508 2511 de
543 2445 728 2530 evaugelio,
771 2445 853 2513 Cam
897 2444 1245 2533 appropinquassem)
1292 2442 1351 2510 Ad
1384 2443 1518 2510 missam
1546 2423 1774 2544 „fffflffx‘mffi

336 2550 563 2620 matutinalem
587 2553 738 2632 osticium,
762 2554 904 2621 Dorrrirre
926 2578 967 2619 ne
981 2557 1080 2638 laage
1091 2556 1222 2639 sacras.
1258 2549 1386 2634 Oratio,
1410 2550 1519 2618 Omni·
1547 2563 1687 2605 smum
1698 2564 1776 2625 ΙΜ

329 2674 445 2747 pateas
467 2664 685 2746 sempiternae
707 2662 808 2729 Deus.
857 2659 937 2746 Ipsa
966 2659 1036 2726 sola
1058 2666 1198 2727 tantum.
1244 2657 1415 2746 Epistola,
1446 2659 1519 2725 Hoc
1547 2634 1726 2750 ,¹¹:³¹¹
1749 2711 1773 2750 ,ο

336 2766 487 2835 sentires)
521 2766 571 2832 vel
603 2767 754 2834 Christus
779 2772 901 2854 jactas
934 2778 987 2835 est
1006 2782 1074 2854 pro
1099 2768 1244 2837 nobish)
1292 2763 1517 2851 Evangelium,
1549 2787 1573 2821 a,
1586 2737 1772 2833 nun-¹¹2²

338 2876 368 2942 C
364 2899 418 2940 am
435 2872 785 2960 appropirrqaassr!;(‘)
804 2876 881 2940 dum
897 2873 1040 2940 dixerint
1057 2877 1209 2958 Sanctus,
1224 2888 1358 2942 sanctas
1379 2871 1518 2940 vestian-
1547 2850 1773 2974 ,sjfflffl

336 2991 390 3046 tur
412 2980 521 3045 cuncti
546 2979 639 3047 albis.
674 2979 779 3048 Sacra
797 3003 874 3049 vero
890 2982 1023 3068 expleta
1038 2980 1215 3048 benedicat
1230 2980 1384 3048 sacerdos
1398 2999 1519 3065 aquam

336 3096 369 3153 ct
393 3096 471 3152 tnnc
494 3095 634 3173 pergant
663 3086 706 3153 ad
737 3096 884 3154 sanctanr
916 3089 1054 3154 mariam
1085 3088 1327 3174 responsorium
1354 3092 1518 3168 maestes,

338 3198 422 3262 Ecce
444 3198 554 3280 virgo,
579 3201 800 3287 preaelgerrait
821 3219 945 3281 regem.
981 3194 1038 3261 Ad
1061 3195 1304 3280 processionem
1327 3192 1518 3280 antiphona,

338 3303 420 3369 Cam
450 3305 575 3370 sederit
593 3305 708 3391 filias,
739 3303 791 3369 vel
815 3302 947 3371 Christe
970 3313 1083 3389 pater.
1130 3300 1383 3369 Reverteutibus
1412 3299 1445 3366 in
1467 3318 1518 3366 ec·

336 3409 470 3475 elesiarn
494 3417 593 3493 agant
617 3410 766 3494 tertiam3
797 3432 865 3496 qua
888 3408 981 3476 finita
1004 3408 1114 3476 veniat
1138 3407 1293 3476 sacerdos
1315 3414 1392 3474 ants
1414 3393 1518 3473 altare

333 3516 430 3600 juxta
453 3516 525 3600 ejus
549 3538 650 3583 cornu
681 3538 721 3583 ex
751 3517 855 3584 latere
885 3514 1091 3602 acquilonari
1114 3514 1288 3582 benedicat
1316 3536 1427 3582 ramos
1448 3511 1518 3601 psl·

338 3644 463 3688 inarum
487 3630 522 3689 et
545 3622 683 3690 aliarum
700 3623 862 3692 arborum.
901 3621 1255 3717 Qualiscpm
1278 3629 1312 3689 et
1335 3642 1464 3712 ogga-prs
1485 3619 1518 3686 in

336 3730 398 3796 lroc
422 3729 494 3794 loco
518 3751 582 3795 non
607 3730 704 3799 dicet.
751 3729 818 3796 Sed
847 3738 976 3796 tanturn
1005 3730 1188 3796 orationem
1217 3730 1259 3796 de
1281 3728 1399 3816 palmis
1421 3733 1519 3813 atque

339 3836 471 3904 tloribus
483 3836 626 3922 incipiet,
650 3844 686 3903 at
710 3836 764 3903 ubi
788 3836 963 3903 benedicta
979 3837 1101 3902 luerirrt
1115 3845 1273 3922 aspergat
1288 3857 1408 3922 aquam
1423 3833 1519 3916 bene·

338 3944 459 4010 dictam
489 3943 524 4008 in
554 3944 601 4008 eis
625 3943 737 4030 sicque
766 3945 931 4029 accipiens
962 3943 1140 4010 turibulum
1171 3965 1307 4010 aureum
1330 3941 1519 4008 aromatizet

337 4051 442 4117 altare
467 4050 573 4133 majus
596 4050 630 4116 in
654 4050 777 4134 primis,
800 4049 918 4117 deinde
942 4072 1060 4118 ramos.
1107 4049 1270 4117 Custodes
1288 4048 1444 4115 aecclesie
1467 4068 1519 4114 ac·

338 4158 462 4243 cipiunt
476 4156 605 4243 palmas
618 4165 651 4223 et
665 4156 744 4223 dent
759 4158 878 4224 domno
894 4157 1007 4224 abbati
1022 4164 1055 4224 et
1071 4155 1223 4223 omnibus
1234 4154 1391 4223 fratribus
1405 4153 1519 4222 stanti·

337 4265 399 4330 bus
420 4265 452 4329 in
477 4263 577 4330 choro
598 4263 821 4349 perordinem
845 4273 877 4331 ct
900 4286 973 4331 curn
994 4265 1067 4330 dari
1083 4263 1232 4350 ceperint
1247 4262 1407 4331 annarim
1422 4262 1521 4327 immo

338 4373 486 4457 imponat
508 4368 729 4456 tirrhphonam,
743 4373 851 4437 Pueri
870 4374 1098 4455 haebreorum,
1122 4369 1249 4437 hisdem
1268 4390 1397 4455 quoque
1412 4388 1519 4435 arma·

339 4479 406 4544 rius
430 4487 578 4545 assumat
600 4478 682 4544 dum
705 4478 833 4544 tunicas
857 4486 890 4543 ct
905 4476 1041 4543 inducre
1059 4476 1161 4542 saciat
1175 4475 1227 4544 his
1238 4477 1375 4563 juvenes
1390 4474 1519 4557 fratres,

339 4585 457 4671 quibus
480 4585 551 4672 ipse
574 4585 733 4664 annuerit,
757 4586 814 4670 qui
837 4592 944 4650 tcxtes
972 4583 1133 4649 deferant.
1180 4582 1273 4650 Tunc
1296 4581 1443 4649 conveni
1464 4601 1518 4648 ac·

339 4693 463 4778 cipiunt
486 4699 642 4776 ‹puattuor
665 4712 787 4772 crusec,
810 4690 888 4756 bina
913 4688 1060 4755 turibula
1082 4709 1195 4771 aurea,
1219 4710 1338 4775 aquarn
1361 4695 1518 4767 uncum,
