3792 5375
823 499 1034 562 --51-

330 698 528 783 praecedant
554 705 713 780 ‹pirrittuor
737 691 769 758 in
793 689 900 757 medio
927 700 961 758 et
991 691 1116 774 dieunt,
1147 693 1372 780 antiphonam,
1402 696 1518 764 Cruci·

321 808 433 891 fitam
457 809 492 871 in
516 828 631 883 earnm
655 811 735 868 tanc
759 820 872 864 ornnes
895 798 1016 866 debent
1039 821 1112 865 esse
1135 799 1325 868 sacerdotes
1341 809 1375 867 et
1397 801 1518 870 levitae

330 911 361 975 iu
386 911 511 996 cappis.
557 908 613 975 Ad
638 908 796 993 majorem
821 905 954 970 rnissam
978 906 1043 971 siut
1067 913 1193 992 septem
1216 905 1418 975 caudelabra
1439 915 1517 976 ante

329 1039 432 1099 arani,
468 1017 631 1102 posterius
665 1014 743 1082 tria.
789 1009 991 1097 Praeplratio
1025 1013 1163 1081 canitur.
1208 1011 1266 1080 Aa
1301 1013 1518 1100 expletionem

330 1144 442 1189 sacrae
467 1126 576 1190 ornnia
599 1124 693 1208 sigua
717 1117 899 1207 pulsentur.
931 1117 988 1184 Ad
1011 1118 1111 1186 horas
1133 1120 1199 1186 tria
1221 1119 1423 1187 candelabra
1439 1122 1516 1191 sint.

331 1229 386 1295 ,td
411 1252 575 1316 resperas,
601 1230 763 1318 Allelrp'a
788 1223 1063 1310 ‹preruadnrodum
1088 1224 1202 1292 diatim
1225 1226 1399 1294 ordinatae
1428 1227 1517 1296 soliti

330 1345 404 1401 siant
436 1337 603 1422 imponere
626 1338 675 1403 ita
697 1330 897 1422 persolvant,
925 1340 959 1399 et
983 1332 1129 1419 psalmos
1152 1333 1253 1420 ipsius
1275 1333 1341 1400 diei
1364 1333 1517 1402 dominici

330 1442 477 1511 recitent.

419 1548 496 1618 Lx.
523 1549 575 1616 De
597 1547 725 1636 pascha
747 1545 906 1612 annonae

419 1655 575 1722 Sanctum
600 1653 744 1744 pascha,
774 1651 862 1738 quod
893 1654 1074 1740 praeterito
1097 1675 1185 1722 anno
1214 1655 1465 1738 celebravimus,
1488 1657 1517 1724 si

329 1763 601 1849 ‹prradrngesiruae
613 1759 806 1841 occurrerit,
824 1758 1012 1826 nullatenus
1028 1762 1154 1845 agitur:
1171 1762 1287 1829 sivero
1301 1770 1378 1850 post
1392 1762 1517 1849 pascha

329 1872 496 1936 inventurn
518 1871 627 1955 suerit,
650 1888 759 1948 ornae,
782 1866 1054 1952 ‹quemadmodnm
1078 1868 1111 1934 iu
1135 1867 1257 1935 domini
1279 1870 1517 1939 munandans

329 1978 572 2044 decantandum
596 1985 663 2059 est,
697 1976 747 2043 ita
773 1973 1013 2059 adimpleatur,
1046 1983 1181 2061 praeter
1203 1976 1406 2062 evangelium
1429 1975 1517 2064 qaod

328 2085 474 2168 legatur:
510 2088 600 2153 Erat
620 2089 717 2153 leorae
745 2105 788 2148 ex
811 2082 1061 2152 Pharnacem
1106 2081 1249 2170 Quando
1279 2085 1313 2151 in
1347 2082 1518 2152 duodecim

328 2191 483 2258 lectiones
508 2194 662 2274 evenerit,
687 2187 892 2258 matutinalis
915 2211 1013 2256 sacra
1028 2189 1105 2257 inde
1122 2199 1250 2275 agattu.
1280 2191 1329 2258 Et
1344 2192 1371 2258 si
1386 2192 1420 2258 in
1439 2192 1519 2259 ooti·

329 2298 435 2364 ‹lianis
459 2299 573 2365 (liebus
598 2296 834 2378 adventaverit,
857 2296 1014 2383 majorem
1038 2297 1171 2363 missam
1194 2296 1384 2366 caelebrant
1404 2320 1445 2366 ex
1468 2320 1517 2367 eo.

417 2406 502 2473 Cum
525 2407 676 2474 Oetaeae
1448 2398 1453 2407 ¹

418 2512 569 2579 Paschae
593 2510 783 2580 celebratae
806 2508 938 2589 suerint,
963 2509 1027 2577 hoe
1049 2511 1148 2578 uredo
1171 2519 1274 2597 agant
1294 2513 1431 2600 privatis
1451 2512 1518 2582 die·

329 2619 391 2685 hus
420 2620 443 2707 ][
475 2642 549 2687 mox
585 2631 620 2687 ut
655 2616 860 2708 expleverint
894 2617 1105 2686 nocturnales
1140 2619 1349 2707 obsequium,
1384 2628 1520 2691 sonetur

329 2730 474 2813 signnm,
506 2737 538 2794 et
569 2729 754 2795 matutinae
783 2723 898 2791 laudes
926 2726 1165 2814 inchoentur.¹)
1210 2728 1252 2794 In
1284 2729 1348 2796 hoo
1376 2750 1519 2819 namque

329 2836 400 2902 loco
424 2835 614 2923 priusquam
639 2837 704 2902 alia
726 2833 920 2917 inseramus,
944 2833 1056 2919 aliqua
1078 2833 1302 2903 locutiuncula
1325 2836 1518 2924 perdignum

330 2944 489 3024 «lucinius,
514 2952 551 3011 ut
573 2943 732 3010 dicamus.
779 2939 888 3006 Erunt
910 2938 1024 3007 forsan
1047 2941 1205 3039 nonnulli,
1227 2943 1284 3029 qni
1309 2943 1393 3011 haec
1414 2944 1519 3031 inqui·

328 3058 422 3117 runt:
447 3049 522 3138 Qua
545 3052 673 3118 ratione
696 3046 902 3117 intervallum
919 3070 985 3115 non
1009 3049 1058 3129 fit,
1082 3049 1168 3116 sicut
1190 3049 1304 3134 regula
1318 3051 1518 3139 praecipitb

329 3157 522 3245 Responsio.
570 3159 656 3225 Sunt
679 3155 803 3244 quippe
826 3154 972 3220 nonnulli
996 3154 1128 3240 fratrea
1158 3158 1214 3243 qui
1246 3157 1375 3226 diverso
1403 3158 1518 3227 morbo

328 3264 491 3347 laborant,
517 3265 605 3352 quod
629 3275 858 3332 antecessores
881 3263 986 3328 nostri
1009 3262 1134 3329 utiliter
1156 3263 1404 3352 praeviderunt,
1434 3264 1519 3335 hane

329 3371 557 3438 ‹lis-cretionem
588 3372 728 3453 habere,
763 3377 801 3435 at
830 3368 874 3435 ad
904 3369 1100 3436 nocturnale
1134 3368 1336 3457 obsequium,
1372 3394 1447 3441 mox
1480 3380 1519 3443 nt

329 3478 453 3543 dietum
476 3477 584 3559 luerit,
617 3481 925 3549 l'crriretxultemus
940 3478 1089 3545 doctrino:
1112 3477 1147 3543 in
1162 3476 1290 3563 iraude,
1312 3481 1407 3549 Deus
1422 3484 1518 3549 rube-

328 3598 447 3650 rentur
469 3588 589 3664 nostri,
621 3592 742 3654 exeant
765 3582 829 3666 nli,
852 3584 907 3669 qui
930 3582 1080 3668 indigent
1110 3592 1144 3650 et
1166 3593 1390 3671 revertantur,
1419 3595 1518 3675 prout

330 3692 419 3777 pn'us
442 3694 626 3777 potueriut3
649 3715 712 3780 pro
734 3689 802 3758 alia
825 3689 935 3777 aliqua
958 3690 1050 3760 nnllo
1074 3691 1171 3759 urodo
1189 3692 1368 3761 adsensum
1383 3693 1516 3763 damas:

329 3798 429 3863 etiarn
460 3797 550 3880 illos,
585 3801 641 3884 qui
676 3799 865 3886 frequenter
899 3805 1020 3882 agunt,
1054 3798 1258 3884 corripimus.
1312 3799 1456 3888 Insuper
1483 3809 1518 3869 at

330 3903 484 3990 psalmos,
508 3927 590 3991 qnos
613 3904 761 3973 studiose
783 3902 961 3971 decantare
984 3904 1118 3972 domiuo
1134 3904 1335 3992 suffragante
1351 3907 1516 3991 debemus,

329 4018 465 4098 propter
486 4011 681 4079 brevitatem
706 4010 852 4078 noctirrnr
876 4010 1000 4097 absque
1024 4033 1118 4080 nrora
1140 4019 1271 4100 oportet
1292 4014 1433 4085 initiare.
1475 4015 1516 4083 In

329 4118 498 4204 evangelio
522 4120 735 4207 :intiphonaq
760 4138 845 4203 quae
868 4117 1001 4186 fuerunt
1022 4140 1063 4185 ex
1087 4119 1142 4186 die
1163 4122 1421 4207 resurrectionis,
1441 4145 1517 4211 pos·

330 4234 406 4292 sunt
429 4226 492 4293 dici
517 4251 589 4294 cnm
614 4226 766 4307 caeteris,
791 4246 875 4310 «quae
897 4226 932 4291 in
956 4225 1009 4293 dic
1033 4225 1196 4294 dominico
1218 4226 1393 4312 habentur,
1415 4252 1518 4318 usqae

329 4334 362 4400 iu
386 4333 471 4401 ‹lieru
496 4336 697 4402 :recensionis
721 4332 855 4401 domiui.
885 4332 1030 4419 Expleta
1053 4341 1240 4402 sanctorum
1263 4334 1417 4422 suffragia
1438 4343 1518 4405 sant

329 4440 362 4505 in
393 4441 492 4508 aliurn
522 4440 656 4509 chorum
687 4451 722 4510 et
749 4446 852 4525 agant
881 4441 1061 4508 matutinas
1091 4442 1234 4508 omnium
1265 4449 1453 4511 sanctornm
1482 4451 1517 4512 et

410 4598 546 4607 *an—-

420 4675 443 4746 ¹)
461 4674 578 4732 haara
925 4664 1212 4745 ''lIteaeapVIIL

1557 2111 1576 2152 ⁸)
1595 2109 1673 2154 3011.
1693 2114 1749 2164 ΙΙΙ,
1770 2119 1795 2158 Ι.

1604 2646 1654 2690 fol.
1670 2652 1719 2692 {lv
