3792 5375
866 588 1115 652 -202-

397 783 470 864 loci,
494 805 555 868 pro
579 804 656 867 rege
679 790 778 869 atque
801 783 923 868 regina,
947 783 1102 868 episcopo
1125 782 1198 868 ipso
1223 780 1276 848 die
1299 802 1319 847 e
1342 801 1442 848 carne
1465 780 1588 864 evulso,

398 900 431 956 et
460 890 524 956 loci
553 891 656 976 ipsius
687 890 827 973 factore,
858 898 890 956 et
922 898 1078 974 rqrrattuor
1108 887 1219 956 officia
1242 887 1360 975 plena,
1384 909 1468 973 quae
1492 910 1587 974 prae·

397 996 527 1079 signata
545 996 615 1080 jam
632 995 835 1081 lraberuus.¹)
858 996 910 1060 Ex
928 1003 1118 1082 nuncupato
1127 996 1199 1081 jam
1219 994 1342 1061 abbate
1358 995 1588 1081 qualicumque

398 1100 479 1169 feria
501 1103 645 1168 evenerit
669 1101 855 1187 generalem
886 1110 919 1168 et
948 1102 1143 1187 pietantiam
1174 1099 1321 1167 lrabeaut
1350 1102 1387 1167 iu
1414 1101 1588 1168 refectorio

399 1208 536 1290 fratres,
567 1211 665 1275 etiam
696 1217 729 1275 et
759 1209 924 1295 potionem
954 1231 1026 1275 cum
1058 1210 1167 1275 sonitu
1198 1208 1356 1294 squillae:
1386 1207 1498 1275 tabule
1521 1229 1589 1276 uon

398 1317 637 1401 cooperiuntur,
685 1316 717 1382 A
742 1315 986 1400 septuagesima
1009 1337 1115 1401 usque
1139 1313 1316 1381 Kalendas
1339 1314 1536 1397 novembrio,
1560 1316 1589 1381 si

398 1421 459 1489 hoc
483 1424 644 1503 evenerit,
676 1444 741 1489 non
772 1422 945 1509 pulsentur
969 1420 1111 1510 signa,¹)
1136 1422 1200 1487 nisi
1224 1430 1353 1488 tantum
1378 1421 1422 1489 ad
1444 1419 1588 1488 officium

397 1538 616 1612 martinorum,
650 1529 738 1615 quod
769 1530 812 1596 sit
842 1530 876 1594 in
907 1549 1058 1614 uespere,
1089 1528 1190 1595 etad
1215 1529 1352 1594 missam
1375 1529 1409 1595 in
1432 1529 1587 1595 crastino.

396 1635 439 1701 In
462 1637 688 1703 anniuersario
712 1636 858 1703 defuncti
880 1657 945 1702 nou
962 1636 1052 1721 prius
1068 1643 1121 1702 est
1136 1633 1338 1702 celebranda
1352 1636 1464 1720 ruisse,
1488 1655 1588 1720 quam

397 1742 557 1825 officium,
589 1745 617 1809 si
647 1743 835 1810 studeamus
865 1742 953 1809 hunc
983 1742 1115 1810 modurn
1146 1743 1194 1808 illi
1224 1742 1409 1828 impertire,
1440 1740 1590 1829 quivult

397 1850 590 1936 adipiscere,
614 1849 800 1916 uideliceta
822 1849 914 1916 festis
931 1850 1074 1917 onmium
1091 1858 1280 1916 sanctorum
1296 1870 1400 1936 usque
1416 1855 1588 1934 septuage-

397 1957 522 2040 simam,
547 1956 679 2042 quaudo
703 1957 815 2043 uigilia
838 1966 1037 2024 rrromuorum
1058 1956 1211 2023 noctibus
1227 1957 1348 2043 egitur,
1372 1964 1482 2042 potest
1498 1952 1589 2023 verbi

396 2064 513 2146 gratia,
538 2064 566 2128 si
590 2063 688 2131 hodie
712 2064 884 2131 duodecim
907 2063 1065 2131 lectiones
1090 2062 1183 2147 fiunt,
1207 2064 1242 2130 in
1257 2064 1496 2149 crastino'post
1510 2082 1589 2129 noc·

396 2170 527 2237 turnale
551 2169 742 2257 obsequium
766 2171 875 2256 agitur
896 2178 1101 2238 mortuorum
1124 2169 1245 2256 uigilia.
1279 2168 1433 2255 Denique
1456 2175 1490 2237 et
1512 2170 1588 2235 mis·

397 2297 464 2342 sam
490 2278 698 2363 exipsorum
730 2279 954 2345 anniuersario
985 2276 1177 2345 caelebrant
1212 2275 1473 2345 matutinalem..
1497 2274 1588 2343 Nam

396 2405 471 2450 vero
503 2386 764 2470 septuagesimae
794 2395 941 2471 tempore
972 2407 1074 2470 usque
1107 2391 1297 2451 sanctorum
1327 2384 1472 2452 omnium
1502 2380 1599 2452 festa'

396 2512 460 2574 quo
485 2492 527 2557 sit
551 2491 661 2577 vigilia
683 2500 758 2578 post
782 2494 920 2559 sinaxim
942 2492 1164 2578 vespertinam
1179 2490 1273 2557 verbi
1295 2491 1415 2576 gratia,
1439 2490 1468 2558 ai
1490 2489 1589 2559 hodie

283 2663 285 2667 ,
396 2596 569 2664 duodecim
592 2607 735 2684 aguntur
764 2598 938 2683 lectiones,
969 2600 1002 2665 iu
1026 2600 1172 2666 crastino
1202 2619 1244 2664 ex
1267 2599 1340 2685 ipso
1364 2598 1590 2666 anniversario

396 2706 528 2772 missam
561 2705 750 2774 caelebrare
781 2706 958 2774 secundum
989 2709 1089 2773 ritum
1121 2727 1188 2773 non
1218 2727 1409 2793 possumus,
1438 2706 1506 2773 nisi
1530 2705 1590 2773 ad·

396 2814 547 2880 ueniente
571 2812 625 2881 die
650 2816 815 2900 sequenti:
847 2835 886 2880 ex
916 2814 980 2881 hoc
1009 2812 1099 2900 quod
1122 2813 1284 2899 cupimus,
1308 2812 1419 2880 omnia
1442 2812 1590 2880 valemus

396 2918 537 2988 efficere.
585 2918 808 3007 Similiterque
827 2930 1029 2988 mortuorum
1049 2922 1233 2988 matutinae
1253 2920 1359 3006 sine¹)
1383 2918 1539 2987 dicantur
1554 2929 1589 2988 et

396 3027 442 3092 sic
464 3027 498 3093 in
522 3027 587 3092 alio
612 3026 665 3094 die
688 3049 748 3113 pro
771 3029 819 3094 eis
843 3027 1025 3095 caelebrari
1048 3049 1123 3095 cum
1147 3025 1340 3112 antiphonis
1362 3033 1504 3111 oportet

486 3132 601 3201 Solent
625 3156 702 3201 cero
725 3135 873 3201 nonnulli
895 3136 1101 3220 interrogare
1129 3135 1157 3199 si
1183 3132 1285 3201 beent
1320 3132 1441 3200 cotidie
1477 3153 1585 3217 orare,

396 3249 452 3306 aut
476 3240 672 3307 sacrificium
696 3240 758 3308 deo
782 3240 900 3308 offerre
922 3263 984 3329 pro
1007 3238 1170 3309 mortuis?
1197 3237 1327 3325 Quibus
1350 3238 1587 3326 respondetur3

395 3347 474 3431 quia
492 3347 641 3434 plerique
663 3349 697 3414 in
721 3346 890 3415 dominicis
915 3347 1029 3414 diebus
1053 3346 1251 3414 sacrificium
1274 3368 1335 3433 pro
1359 3346 1497 3414 moram
1519 3368 1587 3414 nou

394 3453 533 3522 offerunt
577 3461 713 3541 propter
754 3454 950 3539 singularem
994 3455 1214 3522 reverentiam
1253 3453 1439 3522 dominicae
1477 3474 1586 3520 recur-

394 3561 568 3645 rectionis3
598 3561 766 3644 uidelicet,
797 3563 875 3648 quia
904 3560 960 3628 ille
989 3561 1078 3628 solus
1105 3561 1193 3629 inter
1224 3570 1373 3628 mortuos
1402 3559 1487 3629 liber
1510 3557 1587 3646 fuit,

393 3668 468 3734 ideo
503 3666 600 3734 raldc
632 3669 800 3750 condecet,
833 3676 869 3734 ut
903 3668 974 3753 ejus
1009 3666 1186 3754 singularis
1221 3667 1420 3734 resurreetio
1450 3688 1587 3735 venera·

395 3774 505 3841 biliter
527 3774 570 3841 ab
594 3774 744 3842 omnibus
768 3782 801 3841 et
825 3775 895 3842 sine
918 3774 1057 3862 alicujus
1080 3773 1285 3842 admixtione
1308 3773 1456 3842 defuncti
1479 3773 1587 3842 caele·

393 3879 516 3951 bretnr.

394 4078 451 4155 De
480 4079 672 4179 episcopis,
701 4078 863 4155 defuncti
891 4078 1046 4179 qualiter
1076 4080 1324 4180 suscipiantur
1343 4078 1382 4155 in
1400 4079 1588 4155 caenobio.

485 4253 585 4323 LXI.
612 4256 637 4342 ]{
653 4252 795 4341 Quando
811 4253 930 4340 uliquis
949 4255 1122 4341 episcopus
1142 4254 1343 4341 migraverit,
1366 4253 1460 4321 etad
1475 4274 1589 4321 mona·

395 4362 530 4429 sterium
553 4360 653 4427 fuerit
674 4367 876 4448 portaturus,
900 4382 1013 4428 omnes
1036 4361 1158 4428 fratres
1182 4360 1305 4428 debent
1327 4381 1400 4428 esee
1422 4361 1457 4427 in
1473 4361 1589 4448 cappie

394 4468 552 4551 revestiti,
575 4465 720 4535 infantes
743 4468 776 4534 in
801 4466 894 4535 albis.
929 4466 1069 4536 Inchoat
1091 4469 1195 4555 prior,
1220 4470 1386 4537 illiserere
1404 4471 1471 4536 arati
1483 4470 1588 4536 Deus.

395 4577 488 4642 Deus
518 4575 553 4641 in
581 4579 718 4643 rrotninr.
766 4576 930 4643 Miserere
960 4579 1025 4643 arei
1052 4578 1151 4655 deris,
1183 4577 1344 4643 rufsrme
1373 4575 1448 4642 rard.
1495 4576 1589 4643 Deus
