3792 5375
910 466 1132 528 -30-

419 659 556 744 jubente
585 657 654 724 duo.
699 662 815 725 Sturou
834 658 1008 744 joliannis.
1054 654 1262 741 Capitulum,
1288 659 1409 724 Petrus
1436 658 1611 743 apostolus.

413 761 696 846 Responsorium,
720 766 879 829 Erulteut
899 787 983 831 uteru.
1031 760 1172 841 Ymuus,
1198 765 1324 829 Ductor
1352 768 1491 850 egregie
1505 776 1611 850 putre.

431 867 632 953 Antiphone,
647 868 873 955 Quodcunque.
905 866 963 934 Ad
973 868 1105 934 missam
1121 869 1279 952 majorem
1295 890 1409 935 omnes
1425 868 1533 935 ornati
1549 867 1613 934 sint

430 975 553 1059 cappis,
592 981 627 1041 et
648 973 791 1040 infantes
814 973 942 1042 turnicio.
990 974 1159 1040 Diaconos
1182 979 1217 1039 et
1241 972 1461 1041 subdiaconus
1485 974 1614 1041 casales

240 1095 343 1138 101-251
429 1080 584 1147 habeant.
630 1078 781 1147 Officium
809 1101 867 1146 sex
898 1080 1017 1147 iratres
1039 1080 1063 1168 ][
1085 1087 1223 1148 teneant
1252 1088 1286 1148 et
1316 1081 1379 1148 hoc
1409 1082 1515 1168 ipsum
1541 1102 1613 1168 per·

430 1193 562 1267 sonent,
594 1189 723 1254 Statuit
742 1190 775 1255 ci
795 1191 955 1255 dotcriuus.
1003 1185 1160 1268 Collecta,
1183 1190 1288 1264 Deus,
1313 1191 1374 1276 qui
1393 1191 1538 1276 apostolo
1561 1201 1615 1256 tuo

177 1314 211 1351 <¹³
230 1311 253 1351 ¹·
269 1309 333 1350 um.
346 1309 393 1357 ¹2¹·
422 1309 528 1382 petro.
568 1294 739 1381 Epistola,
771 1298 891 1362 l'ctrus
914 1297 1096 1381 apostolus,
1125 1292 1296 1362 electum-l
1342 1293 1613 1380 Respousorium,

429 1404 588 1469 Exultat!
623 1427 706 1468 curu
761 1399 965 1481 versiculus,
1006 1403 1238 1488 Corfireuutur.
1292 1398 1450 1484 Tractus,
1492 1405 1523 1468 Τ
1520 1425 1542 1468 u
1580 1425 1614 1469 es

430 1512 563 1576 Petrus.
580 1506 781 1590 l’ersiculus,
795 1510 951 1595 Euportc.
970 1505 1171 1599 Versiculos,
1185 1507 1393 1592 Quocunque.
1410 1505 1613 1587 versiculus,

431 1619 475 1681 Et
495 1616 718 1702 quodcunque.
770 1613 1003 1699 Evangelinm,
1043 1616 1138 1683 Ιῦηἱι
1166 1618 1269 1693 Jrsus
1299 1616 1334 1682 iu
1357 1628 1477 1702 portus
1501 1638 1613 1683 coesu-

174 1724 189 1753 ὓ
207 1716 403 1766 ‘¹⁸¹¹l·⁸⁸'¹·¹³·
430 1722 553 1788 uuest>
587 1718 816 1804 Offereudam,
853 1724 900 1788 Tu
924 1745 958 1787 cs
973 1734 1102 1808 petrus.
1137 1719 1344 1804 Communio,
1373 1723 1421 1788 Tu
1443 1744 1478 1790 es
1495 1735 1613 1807 pctrrcs

430 1842 462 1895 et
481 1844 590 1915 supter.
636 1829 876 1894 Benedicuruus
898 1810 1045 1911 doctrino,
1074 1826 1234 1894 diaconus
1261 1834 1398 1894 tonatue
1425 1826 1525 1895 dicat.
1572 1828 1615 1894 Iu

429 1934 601 2002 refectorio
613 1933 745 2000 tabulae
757 1935 996 2019 cooperiantur.
1021 1933 1079 2000 Ad
1095 1956 1249 2020 vesperas
1262 1934 1454 2021 antiphona,
1471 1938 1616 2014 Juravu

430 2045 590 2123 ricimirus,
614 2048 646 2107 et
670 2041 756 2108 aliae
780 2042 865 2108 sicut
887 2043 921 2107 iu
945 2043 1016 2127 ejus
1028 2042 1192 2108 turbentur
1208 2041 1397 2109 festivitate.
1429 2040 1614 2127 Responsu-

429 2150 522 2232 rium,
539 2150 699 2215 lieultou
713 2173 796 2216 euru.
827 2147 968 2231 Yurnus,
987 2152 1069 2228 Jum
1087 2151 1165 2217 horre
1173 2161 1304 2236 postor.
1336 2151 1462 2216 Ductor
1477 2152 1616 2236 egregie

430 2258 539 2323 Putre.
573 2255 668 2322 Olioc
685 2257 791 2321 biuuc.
817 2258 871 2322 Su
884 2258 1032 2323 trinitati
1045 2260 1244 2343 serupitcrno
1255 2258 1384 2342 glorio.
1408 2254 1614 2341 Antiphone,
1720 2303 1732 2325 0

430 2366 532 2430 Dixit
552 2386 665 2449 symon
681 2376 800 2450 petrus
821 2364 873 2428 ud
891 2366 1019 2442 Jusum.
1066 2360 1193 2445 Oratio,
1217 2382 1302 2448 quae
1322 2362 1393 2447 jam
1416 2368 1614 2448 praenotata

430 2476 490 2536 est
515 2507 556 2519 -
582 2467 616 2536 Si
647 2469 720 2555 ipsa
749 2469 910 2536 festivitas
933 2458 1078 2536 evenerit
1099 2476 1177 2556 post
1199 2477 1352 2555 quartam
1376 2468 1492 2536 seriam
1515 2478 1616 2555 caput

428 2576 553 2661 jejunii.
588 2576 759 2643 Exeuntes
782 2577 960 2664 capitulum
986 2577 1124 2643 abluunt
1146 2599 1266 2644 luanus
1289 2584 1391 2664 atque
1413 2576 1446 2642 iu
1469 2576 1615 2644 claustro

432 2681 569 2750 redeant
591 2691 626 2751 et
647 2683 841 2752 lectionibus
871 2692 990 2752 vacent
1018 2707 1123 2769 usque
1152 2685 1231 2751 dum
1261 2684 1391 2771 signum
1422 2684 1615 2752 insonuerit

432 2790 515 2857 Tum
538 2798 675 2876 surgant
697 2798 730 2858 et
754 2792 876 2859 iaciant
898 2794 1091 2862 orationem.
1126 2792 1201 2878 Qua
1217 2792 1308 2860 sactu
1322 2791 1463 2858 induant
1478 2813 1514 2859 se
1529 2790 1616 2859 albis

432 2899 540 2965 cuncti
570 2905 604 2965 et
633 2898 741 2966 denuo
771 2900 902 2984 pulsato
931 2900 1024 2984 signo
1059 2908 1162 2985 agunt
1194 2900 1310 2967 horem
1344 2898 1488 2965 tertiam.
1535 2898 1617 2986 Ipsa

433 3025 573 3090 namquo
603 3004 689 3071 festa
720 3004 994 3091 quemadmodum
1020 3006 1091 3090 jam
1120 3012 1353 3092 praenotatum
1380 3005 1540 3073 habemus
1569 3006 1617 3072 sic

434 3111 609 3180 celebrent.
655 3113 702 3178 Et
721 3114 790 3198 jam
812 3114 935 3198 jaenua
958 3115 998 3201 (i)
1021 3136 1086 3180 nou
1109 3113 1246 3180 flectunt
1268 3112 1491 3198 perhendiem.
1534 3112 1618 3182 Post

434 3228 559 3285 sextam
587 3220 679 3304 signo
710 3220 862 3307 pulsante
896 3229 974 3288 eunt
1008 3222 1041 3288 iu
1076 3221 1270 3288 aecclesiam
1305 3229 1406 3306 atque
1435 3221 1617 3288 orationem

433 3325 583 3405 officiant,
595 3333 629 3392 et
641 3329 857 3395 revestiantur
872 3328 928 3411 illi,
940 3329 996 3413 qui
1011 3328 1117 3414 ipsam
1133 3326 1322 3394 caelebrare
1341 3327 1463 3395 debent
1477 3349 1617 3398 sacram.

433 3432 630 3500 lnaetnninm
653 3455 719 3500 non
743 3444 852 3519 agsrtt.
900 3435 1068 3503 Diaoouus
1095 3435 1277 3522 proclamet
1307 3434 1477 3502 flectamus
1503 3435 1617 3520 jenua.

434 3538 645 3606 Offerendnm
657 3541 860 3608 solummodo
873 3563 958 3608 unus
970 3552 1003 3609 et
1015 3550 1140 3609 textum
1152 3542 1319 3609 osculetur
1330 3549 1363 3608 et
1374 3562 1491 3629 pacem
1504 3540 1617 3611 iaciat.

522 3643 558 3714 si
581 3647 721 3714 sabbato
745 3649 893 3733 sequenti
915 3648 1066 3716 videlicet
1089 3649 1340 3735 quadragesime
1362 3649 1436 3735 ipsa
1456 3646 1618 3715 festivitas

434 3751 611 3839 aliquando
646 3754 816 3822 advenerit
850 3777 1006 3842 vesperae
1039 3763 1131 3823 totae
1169 3762 1313 3841 agantur
1346 3776 1387 3820 ex
1420 3760 1619 3841 praenotata

435 3859 685 3946 sollempnitate.
733 3860 807 3948 Quo
830 3861 920 3930 dicto
943 3866 1186 3931 Beuudicumus
1208 3866 1340 3929 doctrino
1361 3866 1515 3946 repetant
1535 3862 1616 3927 auti·

434 3967 577 4053 phocam
602 3989 641 4034 ex
652 3968 780 4054 jejunio
801 3969 905 4054 ipsius
928 3968 992 4036 diei
1009 3991 1081 4036 eum
1098 3969 1214 4056 gloria.
1245 3966 1449 4050 Versiculos,
1473 3972 1620 4054 Angelis

434 4079 504 4141 suis
526 4078 615 4158 durus,
639 4081 673 4141 et
688 4074 774 4142 hauc
789 4078 969 4143 orationem
985 4080 1088 4159 Deus,
1114 4080 1175 4162 qui
1186 4077 1382 4144 aecclesiam
1398 4087 1489 4142 tuam
1505 4099 1619 4143 annuo

436 4182 734 4268 quadragesimali.

524 4286 624 4356 XLI.
648 4287 778 4375 Quarta
800 4289 883 4356 scria
905 4297 1007 4376 caput
1025 4289 1182 4378 jejunii.¹)
1224 4289 1267 4356 ln
1289 4295 1452 4357 nocturno
1475 4287 1620 4357 secundo

435 4394 550 4479 lectio,
583 4397 823 4464 Corrt‘ertiruiui
842 4400 893 4463 ud
913 4422 974 4464 me.
1024 4393 1142 4463 Oratio
1165 4396 1207 4463 de
1231 4394 1407 4463 cotidianis
1430 4394 1531 4462 dicat.
1577 4395 1620 4464 Iu

437 4506 502 4514 “’
514 4506 657 4609 ‘quim
674 4537 745 4595 uu
762 4538 903 4610 sirmiam
920 4537 949 4594 u
967 4538 1074 4595 svistar
1091 4537 1241 4595 meusne
1259 4536 1311 4592 uu
1328 4535 1374 4593 us
1391 4535 1563 4608 memsam
1581 4537 1621 4595 u

436 4627 537 4686 venies.
