3792 5375
742 439 988 503 -175-

268 632 421 717 quaerelae
451 632 641 715 antibarum,
671 644 703 699 et
734 631 928 717 ubicumque
952 631 1049 698 luerit
1074 629 1170 717 culpa
1194 631 1328 698 intenta
1350 649 1459 698 emen·

268 738 374 809 detur.
423 741 503 807 Post
535 740 618 807 haec
648 741 676 806 si
705 741 806 826 priori
836 738 965 805 ridetur
988 747 1172 805 revertatur
1195 739 1265 825 ipae
1289 735 1393 805 frater
1415 733 1460 802 ad

268 847 374 932 ipsam
399 847 526 916 cellam.

704 1064 760 1140 De
789 1062 1038 1144 flebotomatis.

361 1268 459 1336 XLI.
493 1270 529 1335 Si
553 1270 626 1355 quis
650 1268 753 1335 irater
769 1267 905 1333 voluerit
930 1266 1122 1351 sanguinem
1145 1266 1292 1332 minuere
1307 1269 1460 1351 procuret

269 1376 414 1442 imlirare
439 1375 564 1455 abbati,
590 1374 640 1442 vel
665 1376 775 1460 priori,
805 1375 831 1440 si
856 1373 960 1440 abbas
984 1394 1049 1439 non
1073 1383 1141 1455 est;
1163 1372 1298 1440 licentia
1320 1370 1461 1455 denique
1570 1448 1575 1455 ¹

269 1494 406 1569 accepta
423 1494 475 1549 eat
494 1482 640 1549 iudicare
657 1482 841 1562 cellarario,
865 1492 898 1546 ut
923 1479 1048 1548 trabere
1063 1479 1164 1547 iaciat
1180 1480 1388 1557 arcedonem,
1412 1476 1462 1544 rel

269 1592 294 1655 si
319 1600 449 1676 tempus
473 1590 569 1656 irretit
595 1589 720 1671 hiemis,
745 1590 852 1673 iguem
876 1587 1058 1655 accendere
1074 1588 1171 1654 iaciat
1188 1587 1223 1653 in
1238 1585 1460 1653 calefactorio

269 1696 363 1763 Tarne
394 1708 511 1783 pergat
543 1696 587 1761 ad
613 1697 750 1778 januam
781 1695 987 1782 elemosynae
1020 1704 1053 1762 et
1088 1695 1230 1781 accipiat
1264 1715 1335 1762 raa.
1382 1690 1462 1758 Mox

271 1816 303 1870 ut
318 1804 523 1887 evangelium
540 1804 712 1870 recitatum
730 1803 838 1885 luerit,
855 1812 909 1869 cat
926 1824 999 1869 cum
1016 1802 1146 1869 silentio
1162 1811 1262 1888 atqua
1278 1800 1321 1868 de
1336 1798 1461 1887 mura¹)

271 1912 386 1993 saciat,
418 1920 452 1977 et
476 1920 555 1978 tunc
579 1911 669 1977 dicat
694 1909 800 1977 tribus
825 1910 960 1990 vicibus,
985 1912 1079 1978 Deus
1101 1914 1136 1977 in
1159 1913 1379 2000 aerffrrtorinm,
1402 1905 1460 1974 ad·

265 2020 436 2105 jungente,
460 2016 489 2108 ][
517 2022 633 2086 Gloria
651 2021 764 2085 Patri.
802 2020 906 2105 Λζννίε
919 2019 1051 2087 eleison.
1085 2019 1191 2084 Patrr
1212 2030 1332 2085 noster.
1367 2017 1462 2082 Erae

270 2151 337 2192 nos.
376 2130 594 2213 Acljrrlorr'um
619 2137 778 2192 niustriam.
816 2128 1012 2193 Beumlicr'le.
1051 2123 1250 2210 Perpetruta
1271 2144 1351 2190 vero
1367 2141 1462 2209 para·

269 2240 342 2317 gret
377 2232 597 2301 refectorium.
645 2230 681 2299 Si
711 2241 784 2319 post
816 2232 990 2318 prandium
1021 2231 1155 2298 uisitare
1185 2230 1345 2313 voluerit,
1379 2228 1462 2295 uictu

270 2339 488 2425 praetulimus
524 2340 635 2405 onmia
669 2340 794 2406 lrabeat
825 2348 1038 2426 praeparata.
1090 2337 1176 2406 Cum
1209 2335 1462 2405 flabotlromatru

271 2447 381 2525 luerit,
405 2448 518 2512 statim
543 2468 683 2532 pergens
707 2448 741 2513 in
759 2445 966 2513 refectorium
982 2445 1067 2513 offae
1082 2445 1201 2515 facere.
1233 2443 1269 2513 Si
1287 2444 1463 2531 servitores
1487 2454 1490 2459 '

270 2553 413 2620 sederint
439 2554 482 2619 ad
508 2576 671 2635 urensanr,
699 2555 769 2639 ipse
793 2560 886 2641 petat
910 2554 1076 2620 licentiam
1101 2551 1144 2620 ab
1167 2551 1237 2637 illo,
1261 2552 1318 2639 qui
1341 2548 1464 2619 sederit

270 2660 432 2747 squillam.
469 2660 505 2728 Si
529 2662 668 2728 domnus
693 2661 797 2729 abbas
820 2668 872 2728 est
895 2661 1061 2728 minuatne
1077 2660 1245 2746 sanguine,
1269 2659 1303 2727 in
1319 2657 1463 2727 crastino

269 2769 404 2855 quando
426 2770 595 2854 acceperis
631 2770 768 2835 ruixturn
800 2769 842 2835 ad
874 2791 1014 2852 versum,
1046 2755 1086 2834 si'
1103 2768 1223 2854 aliquia
1252 2766 1394 2834 delirarit
1423 2786 1463 2832 cx

271 2879 429 2964 sanguine
457 2877 663 2960 ruiuuatus,²)
694 2875 826 2962 quaudo
850 2877 977 2944 venerit
998 2883 1093 2963 petat
1115 2875 1284 2943 licentiam
1313 2883 1347 2941 et
1374 2871 1464 2939 dicat

271 3007 417 3067 versum,
448 2994 482 3051 et
505 2983 643 3050 accedat
668 2983 710 3050 ad
736 3006 900 3050 mensamz
931 2983 1083 3050 similiter
1105 2981 1219 3065 faciat,
1247 2983 1276 3050 si
1300 2982 1392 3070 prior
1413 2987 1465 3047 eat

271 3095 436 3158 minuatus
470 3092 638 3175 sanguiue.
687 3090 842 3157 infirmus
874 3114 967 3175 raro,
1005 3091 1062 3177 qui
1092 3112 1153 3177 pro
1184 3113 1246 3158 sua
1273 3088 1463 3156 infirmitate

272 3199 390 3284 accipit
408 3199 556 3280 mixtum,
574 3221 639 3264 non
657 3207 748 3284 petat
765 3198 942 3282 licentiam,
959 3220 1021 3265 nac
1037 3196 1127 3265 dicat
1143 3193 1282 3265 vorsum.
1314 3197 1464 3265 Domana

272 3305 376 3371 abbas
411 3306 561 3390 accipere
593 3305 690 3373 debet
723 3307 857 3371 mixtum
888 3306 931 3372 ad
963 3305 1101 3375 scillam.
1149 3304 1249 3373 Prior
1278 3311 1406 3384 aulem,
1436 3302 1464 3368 ai

271 3413 411 3480 domnus
435 3412 539 3478 abbas
564 3412 661 3478 luerit
686 3414 719 3479 in
745 3415 954 3489 nronasterio,
985 3412 1019 3479 in
1042 3435 1102 3479 suo
1125 3412 1226 3479 stallo
1249 3412 1401 3499 accipiat,
1431 3418 1465 3477 at

272 3522 300 3587 si
323 3542 389 3587 non
413 3519 508 3585 adest
533 3518 648 3602 abbas,
673 3519 716 3586 ad
741 3520 893 3605 squillam
917 3519 1051 3587 sedeat:
1082 3520 1232 3587 similiter
1256 3518 1412 3600 decanus,
1436 3516 1464 3583 ai

271 3628 362 3712 prior
397 3626 499 3692 deest.
554 3624 696 3711 Quando
731 3626 862 3693 irminrul
896 3627 1094 3694 concernunt
1129 3626 1357 3695 debothomati
1390 3646 1464 3693 cum

272 3734 392 3820 pueris,
416 3743 495 3799 tuuc
519 3730 630 3799 dicant
656 3755 785 3800 versum
810 3735 952 3818 pariter:
983 3734 1093 3801 infans
1115 3733 1205 3820 legat
1228 3734 1400 3802 lectionem
1423 3753 1464 3799 ex

271 3839 381 3921 corde,
406 3838 525 3905 deiude
549 3839 687 3906 aedunt:
719 3839 862 3907 habeant
887 3843 951 3907 tria
976 3841 1197 3927 pulmentaria
1219 3848 1422 3928 praeparata
1443 3861 1464 3905 a

271 3947 460 4026 cellarari03
473 3948 564 4030 pueri
577 3969 653 4014 vcro
667 3970 775 4014 tinum.
801 3948 966 4015 Levantes
980 3971 1108 4015 tersum
1116 3948 1230 4034 dicant
1240 3946 1464 4017 communiter.

273 4055 308 4121 Si
332 4054 377 4120 ibi
394 4054 587 4137 comeditur,
613 4057 669 4140 qui
686 4057 756 4122 vult
772 4055 906 4123 mixtum
924 4078 1063 4139 suruere,
1088 4055 1130 4123 de
1146 4078 1206 4121 sua
1218 4055 1349 4141 justitia
1365 4063 1464 4139 atque

271 4160 357 4227 libra
387 4170 461 4245 post
493 4163 626 4227 missam
658 4163 757 4229 edant
788 4161 913 4247 absque
944 4184 1051 4229 versu.
1098 4160 1157 4228 Aa
1187 4182 1325 4248 vespera
1355 4159 1411 4227 det
1433 4159 1464 4226 ei

272 4266 465 4334 cellararius
489 4267 614 4353 aliquid
640 4267 683 4333 ad
707 4267 955 4336 comedendum.

365 4497 387 4570 ¹)
406 4498 440 4554 In
458 4503 554 4553 textu:
573 4496 629 4555 dni.

363 4611 386 4678 ¹)
406 4613 438 4668 lu
456 4619 551 4669 textu:
572 4578 705 4670 minuaris
