3792 5375
776 519 999 582 -53...

292 718 437 779 §numus
462 714 570 778 Dein:
594 712 713 776 iterum
738 709 813 790 duo,
837 712 892 796 qui
908 731 1039 777 erucem
1061 718 1259 793 sustentant,
1283 712 1480 781 aecedentes

292 839 394 903 prope
423 816 528 883 altare
559 825 697 900 cenant,
724 818 815 897 Quid
835 821 937 885 ultra.
983 816 1222 903 Respondeant
1249 817 1331 887 duo:
1362 822 1480 907 Agnos

293 926 322 990 t)
337 928 445 991 tlnns:
477 946 516 988 ac
540 923 659 990 deiude
684 923 801 1007 clerus,
825 930 971 1012 Sonans
984 928 1085 993 Deus.
1116 924 1212 993 Tune
1236 926 1297 1012 ipsi
1321 926 1398 1008 duo,
1422 927 1479 1013 qui

291 1053 419 1096 erucem
444 1038 576 1112 tenent,
603 1032 770 1097 munientes
794 1038 871 1097 unte
896 1031 1002 1098 altare
1026 1054 1220 1119 crucemque
1242 1032 1408 1101 nudantes
1431 1034 1479 1100 iu·

291 1138 413 1223 cipiunt
444 1138 677 1223 antiphonam,
709 1141 794 1205 Ecce
817 1141 959 1223 lieentum
996 1142 1097 1207 Beati
1116 1143 1334 1210 inetuaculnti.
1385 1138 1478 1206 Tune

290 1245 465 1329 projiciant
489 1267 524 1309 se
548 1267 660 1310 onmes
684 1245 717 1309 in
742 1251 831 1310 temo
848 1243 1026 1311 adorantes
1049 1252 1198 1312 sane-tam
1221 1267 1362 1329 enicem,
1386 1245 1478 1313 dnm·

290 1350 536 1436 «paneadensium,
561 1350 626 1417 duo
644 1350 690 1416 illi
708 1358 895 1418 sustentent
918 1374 1058 1435 erucem,
1072 1374 1241 1438 quousque
1264 1352 1321 1419 alii
1345 1352 1478 1419 ueniunt

289 1466 321 1523 et
347 1458 408 1542 ipsi
439 1456 482 1523 ad
507 1456 712 1523 adoraudum
744 1457 937 1542 decantent,
963 1460 1099 1526 Crucem
1122 1471 1232 1538 tenen,
1255 1466 1289 1526 et
1311 1459 1373 1526 hoe
1397 1459 1478 1526 auti·

289 1564 429 1649 phouus,
454 1568 545 1631 lum
561 1567 768 1649 fabricator,
793 1572 869 1650 post
892 1563 1089 1652 autipbonss
1112 1571 1273 1632 canentur
1295 1564 1330 1632 hi
1354 1586 1478 1651 sersus,

291 1674 385 1738 &tux
397 1674 526 1758 fidelis,
552 1678 583 1736 et
608 1671 665 1736 alii
689 1671 785 1736 sicutti
810 1671 922 1757 sciipti
946 1680 1033 1740 sunt.
1079 1669 1164 1738 Cum
1187 1693 1264 1739 uere
1287 1693 1309 1737 u
1331 1671 1405 1740 loeo
1421 1670 1477 1739 ubi

288 1777 429 1843 adoratu
462 1785 514 1844 est
543 1777 688 1857 tollitur,
720 1786 752 1843 et
777 1777 809 1842 in
835 1778 906 1844 loeo
930 1778 1068 1863 erigitur
1091 1777 1261 1865 disposito,
1284 1778 1370 1846 haee
1392 1778 1477 1846 unti-

290 1882 399 1970 phoua
416 1884 613 1969 imponatur,
639 1889 873 1969 sept-ramma
889 1887 985 1970 larua
1009 1889 1217 1953 cercirorum.
1247 1881 1324 1970 Qua
1340 1893 1477 1972 peracta

289 1989 426 2055 :ubluaut
454 2012 572 2056 munus
600 2012 678 2057 suas
707 1990 771 2057 duo
795 1990 995 2076 presbyteri,
1025 1998 1058 2058 et
1088 1991 1259 2074 diaeonus,
1291 1992 1347 2077 qui
1377 1991 1476 2060 debet

288 2096 417 2182 Ooipus
445 2096 580 2162 Domini
611 2106 771 2181 tractare,
803 2096 924 2163 casulis
948 2097 1054 2164 induti
1082 2097 1132 2164 uel
1156 2098 1290 2185 estppis:
1315 2098 1360 2166 ud
1383 2121 1476 2167 uram

288 2205 500 2270 constitutam
525 2204 656 2270 veniant
681 2226 753 2270 euni
771 2204 977 2270 caudelabn‘s
992 2214 1091 2290 atque
1106 2205 1250 2288 incenso,
1274 2215 1307 2272 et
1322 2205 1475 2273 ordinent

287 2312 331 2377 ibi
355 2311 493 2377 ealieem
521 2333 594 2377 eum
629 2311 703 2378 uiuo
736 2320 769 2376 et
794 2332 881 2395 aquia
910 2310 943 2376 in
975 2311 1047 2397 ipso
1070 2309 1193 2392 intusa,
1225 2322 1257 2379 et
1281 2312 1476 2380 eeutieintur

288 2419 408 2485 domini
440 2418 580 2503 Conpus.
636 2418 720 2484 Mox
748 2425 785 2483 ut
813 2417 995 2503 perfeetum
1025 2416 1216 2501 habuen'ut,
1244 2426 1276 2485 et
1305 2419 1475 2506 coeperint

286 2545 422 2609 pergere
447 2527 488 2590 ad
514 2525 620 2591 altare
643 2526 760 2609 majus,
788 2525 821 2590 in
846 2546 911 2609 quo
934 2522 1119 2591 ordinatam
1135 2524 1281 2591 habeant
1303 2525 1474 2594 sindonem

286 2643 385 2717 atque
402 2631 584 2718 corporale,
609 2631 685 2699 ilico
709 2640 919 2717 prosternunt
935 2653 971 2699 se
987 2653 1099 2699 omnes
1115 2632 1147 2698 in
1164 2639 1255 2699 terra
1270 2640 1303 2701 et
1319 2631 1475 2702 sacerdos

285 2740 428 2827 accipiat
440 2738 619 2805 tuuibulum
633 2748 666 2807 et
678 2740 815 2805 calicem
831 2739 991 2821 ineenset,
1006 2751 1105 2826 utque
1117 2739 1207 2808 uitae
1221 2739 1473 2822 dieutOremus,

285 2850 480 2914 Praesentis
500 2850 719 2915 salutaribus.
763 2849 871 2913 Puler
893 2860 1004 2913 neuster
1026 2846 1114 2931 dein,
1137 2847 1262 2915 Libera
1288 2870 1348 2914 uos
1373 2871 1473 2937 quae·

284 2976 399 3021 summ
417 2957 567 3036 Dotuine,
585 2954 645 3019 sub
661 2952 801 3019 silentio.
830 2950 1059 3038 subsequetur
1076 2951 1167 3019 ultae
1181 2956 1253 3020 Per
1269 2956 1382 3023 omnen
1400 2977 1473 3023 sae·
1492 3041 1498 3055 ἢ

285 3064 593 3142 culasaeculorntn,
619 3069 652 3127 et
668 3061 778 3126 mittut
790 3058 919 3145 Corpus
932 3057 1053 3125 domini
1066 3059 1099 3125 in
1111 3060 1197 3130 vino.
1233 3064 1314 3129 Pax
1335 3062 1477 3131 Domini

284 3170 540 3253 praetermittat.
571 3167 702 3233 Deinde
718 3188 778 3252 per
793 3164 940 3232 ordinem
958 3166 1089 3233 veniant
1105 3188 1218 3234 omnes
1234 3166 1278 3233 ud
1293 3169 1473 3235 eommuni-
1523 3216 1527 3222 -

283 3277 436 3358 eundum,
461 3277 562 3342 etiam
585 3274 744 3356 infantes,
776 3281 810 3339 et
833 3295 905 3339 eum
929 3274 1158 3340 communicati
1183 3272 1315 3358 sueuint,
1338 3280 1474 3343 sonetum

284 3383 409 3462 tabula,
427 3382 582 3465 sectaque
598 3382 748 3447 oratione
764 3379 877 3447 lavent
893 3379 994 3465 pedes
1009 3402 1094 3461 suos,
1115 3386 1149 3447 et
1164 3379 1301 3447 cultient
1316 3388 1350 3448 et
1365 3403 1472 3449 rever·

282 3497 390 3556 tentes
407 3489 451 3554 ad
467 3487 660 3553 aecclesiam
675 3487 913 3573 pulsantesque
929 3508 1041 3553 omnes
1057 3486 1198 3567 tabulas,
1211 3486 1391 3574 dicantque
1401 3510 1472 3557 ves·
1532 3510 1540 3522 ·

282 3619 380 3681 perus
396 3596 458 3660 sub
474 3594 640 3661 silentium
656 3594 879 3679 unusquisque
895 3592 967 3661 sibi.
999 3593 1205 3679 Antiphone,
1231 3594 1313 3661 Corn
1333 3597 1388 3663 leis
1402 3599 1472 3681 qui.

282 3708 345 3771 ,td
364 3706 556 3771 Doun'uum.
597 3700 809 3788 Antiphone,
836 3705 891 3768 Ab
912 3702 1097 3768 horionibus
1120 3701 1254 3788 iniquis.
1291 3703 1399 3789 Eripe
1421 3724 1473 3770 me

282 3813 410 3877 dotun'nc
425 3813 469 3877 ab
483 3813 622 3877 dotium.
662 3807 870 3893 Antiphone,
896 3809 1032 3875 Custodi
1052 3830 1103 3874 me
1125 3831 1147 3872 a
1163 3809 1290 3890 laqueo.
1329 3810 1472 3876 Domine

282 3920 438 3985 cluiuutu'.
486 3915 701 4001 Antiphone,
734 3916 991 3984 Considernbam
1020 3916 1076 3980 ant
1131 3914 1213 3981 Voce
1240 3936 1323 3983 anea.
1369 3912 1470 3982 Anti·

281 4023 408 4109 phono,
445 4026 499 4089 Dc
528 4048 630 4090 ruiana
655 4025 810 4109 filiorum
846 4024 1039 4088 alanorum.
1087 4022 1283 4087 Benedictus
1317 4022 1470 4090 domninus
1546 4051 1548 4056 ⁴

280 4135 361 4197 ‹leus
388 4153 488 4197 uuus.
536 4128 639 4196 Aliud
670 4150 735 4195 nen
767 4135 818 4194 est
848 4126 1078 4212 imponendum
1109 4126 1172 4193 nisi
1203 4124 1413 4216 antiphessnn
1435 4136 1468 4195 et
1567 4150 1583 4177 ⁰

282 4240 484 4324 ,lluguificat
504 4244 652 4301 secretae
669 4235 730 4301 sibi
754 4234 911 4301 diceutes.
935 4232 1066 4300 Deinde
1084 4235 1189 4319 lu'juie
1204 4235 1331 4301 clct'sun.
1360 4237 1469 4303 Pater

280 4357 405 4423 nusum
430 4364 577 4428 praeces
594 4344 669 4424 Ego
686 4343 763 4409 dixi
776 4343 926 4422 Domine,
945 4339 1160 4424 adjungentes
1178 4339 1353 4426 psalmum,
1370 4343 1467 4409 Mise-

279 4473 355 4517 rcrc
378 4456 445 4518 ium
466 4451 560 4516 Deus
585 4470 658 4514 eum
685 4432 845 4530 oremus,
860 4453 893 4514 et
916 4446 998 4512 finit.
1043 4445 1248 4512 Secreturius
1272 4468 1349 4512 vero
1372 4467 1467 4533 prae·

278 4565 397 4644 parent
421 4579 456 4624 se
479 4563 511 4622 et
536 4555 647 4621 lavent
671 4554 801 4632 altaria,
826 4554 858 4619 in
882 4554 996 4638 primis
1018 4573 1114 4639 aqua,
1138 4559 1172 4618 et
1194 4550 1402 4636 liestmodum
1424 4553 1467 4620 de

278 4665 363 4735 uino.
411 4661 520 4730 Biduo
544 4668 622 4728 ante
646 4659 790 4726 habeant
815 4658 927 4724 iatiumli
952 4657 1132 4725 Ecclesiam
1156 4666 1337 4744 scopatam,
1365 4666 1466 4744 utque
