<?xml version="1.0" encoding="UTF-8"?>
<!DOCTYPE html PUBLIC "-//W3C//DTD XHTML 1.0 Transitional//EN"
    "http://www.w3.org/TR/xhtml1/DTD/xhtml1-transitional.dtd">
<html xmlns="http://www.w3.org/1999/xhtml" xml:lang="en" lang="en">
 <head>
  <title>
</title>
<meta http-equiv="Content-Type" content="text/html;charset=utf-8" />
  <meta name='ocr-system' content='tesseract 3.04.00' />
  <meta name='ocr-capabilities' content='ocr_page ocr_carea ocr_par ocr_line ocrx_word'/>
</head>
<body>
  <div class='ocr_page' id='page_1' title='image "./consuetudinesmo00albegoog_0229.png"; bbox 0 0 3792 5375; ppageno 0'>
   <div class='ocr_carea' id='block_1_1' title="bbox 824 518 1068 580">
    <p class='ocr_par' dir='ltr' id='par_1_1' title="bbox 824 518 1068 580">
     <span class='ocr_line' id='line_1_1' title="bbox 824 518 1068 580; baseline 0 0"><span class='ocrx_word' id='word_1_1' title='bbox 824 518 1068 580; x_wconf 79' lang='lat'>-118-</span> 
     </span>
    </p>
   </div>
   <div class='ocr_carea' id='block_1_2' title="bbox 363 708 1551 796">
    <p class='ocr_par' dir='ltr' id='par_1_2' title="bbox 363 708 1551 796">
     <span class='ocr_line' id='line_1_2' title="bbox 363 708 1551 796; baseline -0.005 -18"><span class='ocrx_word' id='word_1_2' title='bbox 363 711 553 780; x_wconf 78' lang='lat' dir='ltr'>aecclesiam</span> <span class='ocrx_word' id='word_1_3' title='bbox 571 712 714 796; x_wconf 78' lang='lat' dir='ltr'>perventi</span> <span class='ocrx_word' id='word_1_4' title='bbox 732 709 862 794; x_wconf 83' lang='lat' dir='ltr'>luerint,</span> <span class='ocrx_word' id='word_1_5' title='bbox 879 719 988 777; x_wconf 89' lang='lat' dir='ltr'>eustos</span> <span class='ocrx_word' id='word_1_6' title='bbox 1004 717 1098 776; x_wconf 88' lang='lat' dir='ltr'>sonet</span> <span class='ocrx_word' id='word_1_7' title='bbox 1114 710 1254 795; x_wconf 85' lang='lat' dir='ltr'>signum,</span> <span class='ocrx_word' id='word_1_8' title='bbox 1272 708 1361 794; x_wconf 62' lang='lat' dir='ltr'>«guod</span> <span class='ocrx_word' id='word_1_9' title='bbox 1377 708 1484 793; x_wconf 86' lang='lat' dir='ltr'>majus</span> <span class='ocrx_word' id='word_1_10' title='bbox 1499 712 1551 773; x_wconf 86' lang='lat' dir='ltr'>est</span> 
     </span>
    </p>
   </div>
   <div class='ocr_carea' id='block_1_3' title="bbox 362 813 1551 1115">
    <p class='ocr_par' dir='ltr' id='par_1_3' title="bbox 362 813 1551 1115">
     <span class='ocr_line' id='line_1_3' title="bbox 363 813 1551 902; baseline -0.004 -18"><span class='ocrx_word' id='word_1_11' title='bbox 363 820 495 900; x_wconf 87' lang='lat' dir='ltr'>tandiu,</span> <span class='ocrx_word' id='word_1_12' title='bbox 526 839 693 902; x_wconf 82' lang='lat' dir='ltr'>quousque</span> <span class='ocrx_word' id='word_1_13' title='bbox 723 816 864 883; x_wconf 82' lang='lat' dir='ltr'>infantes</span> <span class='ocrx_word' id='word_1_14' title='bbox 894 817 1025 882; x_wconf 77' lang='lat' dir='ltr'>veniant</span> <span class='ocrx_word' id='word_1_15' title='bbox 1055 823 1089 883; x_wconf 90' lang='lat' dir='ltr'>et</span> <span class='ocrx_word' id='word_1_16' title='bbox 1119 824 1198 882; x_wconf 87' lang='lat' dir='ltr'>aute</span> <span class='ocrx_word' id='word_1_17' title='bbox 1228 815 1338 882; x_wconf 87' lang='lat' dir='ltr'>altare</span> <span class='ocrx_word' id='word_1_18' title='bbox 1367 813 1551 901; x_wconf 85' lang='lat' dir='ltr'>procedant</span> 
     </span>
     <span class='ocr_line' id='line_1_4' title="bbox 362 923 1550 1009; baseline -0.003 -19"><span class='ocrx_word' id='word_1_19' title='bbox 362 926 542 991; x_wconf 87' lang='lat' dir='ltr'>orationem</span> <span class='ocrx_word' id='word_1_20' title='bbox 567 923 690 989; x_wconf 81' lang='lat' dir='ltr'>lacere:</span> <span class='ocrx_word' id='word_1_21' title='bbox 726 923 799 1009; x_wconf 85' lang='lat' dir='ltr'>Quo</span> <span class='ocrx_word' id='word_1_22' title='bbox 831 924 918 990; x_wconf 78' lang='lat' dir='ltr'>sacta</span> <span class='ocrx_word' id='word_1_23' title='bbox 949 932 1043 990; x_wconf 88' lang='lat' dir='ltr'>sonet</span> <span class='ocrx_word' id='word_1_24' title='bbox 1074 923 1194 989; x_wconf 91' lang='lat' dir='ltr'>iterum</span> <span class='ocrx_word' id='word_1_25' title='bbox 1221 925 1350 1009; x_wconf 86' lang='lat' dir='ltr'>signum</span> <span class='ocrx_word' id='word_1_26' title='bbox 1374 927 1409 988; x_wconf 88' lang='lat' dir='ltr'>et</span> <span class='ocrx_word' id='word_1_27' title='bbox 1431 927 1550 1005; x_wconf 88' lang='lat' dir='ltr'>agatur</span> 
     </span>
     <span class='ocr_line' id='line_1_5' title="bbox 362 1027 1551 1115; baseline -0.003 -18"><span class='ocrx_word' id='word_1_28' title='bbox 362 1031 452 1097; x_wconf 88' lang='lat' dir='ltr'>hora.</span> <span class='ocrx_word' id='word_1_29' title='bbox 490 1030 644 1113; x_wconf 78' lang='lat' dir='ltr'>Expleta,</span> <span class='ocrx_word' id='word_1_30' title='bbox 669 1030 796 1115; x_wconf 77' lang='lat' dir='ltr'>pulsato</span> <span class='ocrx_word' id='word_1_31' title='bbox 813 1029 961 1115; x_wconf 80' lang='lat' dir='ltr'>cymbalo</span> <span class='ocrx_word' id='word_1_32' title='bbox 978 1031 1112 1095; x_wconf 77' lang='lat' dir='ltr'>ueniant</span> <span class='ocrx_word' id='word_1_33' title='bbox 1127 1030 1160 1095; x_wconf 95' lang='lat' dir='ltr'>in</span> <span class='ocrx_word' id='word_1_34' title='bbox 1177 1029 1408 1095; x_wconf 72' lang='lat' dir='ltr'>refectorium:</span> <span class='ocrx_word' id='word_1_35' title='bbox 1433 1027 1551 1094; x_wconf 87' lang='lat' dir='ltr'>exhinc</span> 
     </span>
    </p>
   </div>
   <div class='ocr_carea' id='block_1_4' title="bbox 196 1129 1551 1225">
    <p class='ocr_par' dir='ltr' id='par_1_4' title="bbox 196 1129 1551 1225">
     <span class='ocr_line' id='line_1_6' title="bbox 196 1129 1551 1225; baseline 0.001 -26"><span class='ocrx_word' id='word_1_36' title='bbox 196 1181 219 1198; x_wconf 83' lang='lat'>..</span> <span class='ocrx_word' id='word_1_37' title='bbox 247 1161 276 1199; x_wconf 76' lang='lat' dir='ltr'>a·</span> <span class='ocrx_word' id='word_1_38' title='bbox 363 1154 449 1224; x_wconf 84' lang='lat' dir='ltr'>aqua</span> <span class='ocrx_word' id='word_1_39' title='bbox 472 1158 537 1202; x_wconf 85' lang='lat' dir='ltr'>non</span> <span class='ocrx_word' id='word_1_40' title='bbox 561 1137 799 1203; x_wconf 72' lang='lat' dir='ltr'>ministrabitur</span> <span class='ocrx_word' id='word_1_41' title='bbox 821 1160 924 1222; x_wconf 87' lang='lat' dir='ltr'>usque</span> <span class='ocrx_word' id='word_1_42' title='bbox 939 1138 962 1225; x_wconf 91' lang='lat'>][</span> <span class='ocrx_word' id='word_1_43' title='bbox 980 1136 1022 1202; x_wconf 90' lang='lat' dir='ltr'>ad</span> <span class='ocrx_word' id='word_1_44' title='bbox 1039 1137 1239 1203; x_wconf 86' lang='lat' dir='ltr'>dominicam</span> <span class='ocrx_word' id='word_1_45' title='bbox 1264 1135 1297 1201; x_wconf 90' lang='lat' dir='ltr'>in</span> <span class='ocrx_word' id='word_1_46' title='bbox 1322 1135 1452 1221; x_wconf 81' lang='lat' dir='ltr'>palmis.</span> <span class='ocrx_word' id='word_1_47' title='bbox 1482 1129 1551 1201; x_wconf 81' lang='lat' dir='ltr'>Sed</span> 
     </span>
    </p>
   </div>
   <div class='ocr_carea' id='block_1_5' title="bbox 364 1239 1603 2720">
    <p class='ocr_par' dir='ltr' id='par_1_5' title="bbox 364 1239 1603 1950">
     <span class='ocr_line' id='line_1_7' title="bbox 364 1239 1549 1329; baseline -0.003 -20"><span class='ocrx_word' id='word_1_48' title='bbox 364 1245 518 1310; x_wconf 84' lang='lat' dir='ltr'>continuo</span> <span class='ocrx_word' id='word_1_49' title='bbox 541 1250 577 1307; x_wconf 89' lang='lat' dir='ltr'>ut</span> <span class='ocrx_word' id='word_1_50' title='bbox 600 1243 655 1308; x_wconf 93' lang='lat' dir='ltr'>ubi</span> <span class='ocrx_word' id='word_1_51' title='bbox 678 1243 797 1309; x_wconf 83' lang='lat' dir='ltr'>suerint</span> <span class='ocrx_word' id='word_1_52' title='bbox 820 1245 887 1310; x_wconf 84' lang='lat' dir='ltr'>sive</span> <span class='ocrx_word' id='word_1_53' title='bbox 910 1245 1009 1329; x_wconf 85' lang='lat' dir='ltr'>prior,</span> <span class='ocrx_word' id='word_1_54' title='bbox 1038 1245 1106 1310; x_wconf 81' lang='lat' dir='ltr'>sine</span> <span class='ocrx_word' id='word_1_55' title='bbox 1130 1265 1290 1328; x_wconf 80' lang='lat' dir='ltr'>praeseus</span> <span class='ocrx_word' id='word_1_56' title='bbox 1313 1242 1412 1308; x_wconf 85' lang='lat' dir='ltr'>suerit</span> <span class='ocrx_word' id='word_1_57' title='bbox 1434 1239 1549 1320; x_wconf 90' lang='lat' dir='ltr'>abbas,</span> 
     </span>
     <span class='ocr_line' id='line_1_8' title="bbox 364 1347 1551 1436; baseline -0.001 -21"><span class='ocrx_word' id='word_1_58' title='bbox 364 1351 529 1436; x_wconf 81' lang='lat' dir='ltr'>percutiat</span> <span class='ocrx_word' id='word_1_59' title='bbox 552 1348 703 1435; x_wconf 77' lang='lat' dir='ltr'>squillam</span> <span class='ocrx_word' id='word_1_60' title='bbox 727 1358 760 1416; x_wconf 90' lang='lat' dir='ltr'>et</span> <span class='ocrx_word' id='word_1_61' title='bbox 783 1352 1003 1436; x_wconf 85' lang='lat' dir='ltr'>unusquisque</span> <span class='ocrx_word' id='word_1_62' title='bbox 1026 1351 1068 1416; x_wconf 89' lang='lat' dir='ltr'>de</span> <span class='ocrx_word' id='word_1_63' title='bbox 1085 1351 1169 1431; x_wconf 81' lang='lat' dir='ltr'>vino,</span> <span class='ocrx_word' id='word_1_64' title='bbox 1195 1348 1285 1435; x_wconf 84' lang='lat' dir='ltr'>quod</span> <span class='ocrx_word' id='word_1_65' title='bbox 1301 1347 1456 1414; x_wconf 87' lang='lat' dir='ltr'>habuerit</span> <span class='ocrx_word' id='word_1_66' title='bbox 1471 1352 1551 1414; x_wconf 86' lang='lat' dir='ltr'>ante</span> 
     </span>
     <span class='ocr_line' id='line_1_9' title="bbox 364 1453 1603 1546; baseline -0.002 -25"><span class='ocrx_word' id='word_1_67' title='bbox 364 1481 410 1541; x_wconf 84' lang='lat' dir='ltr'>se,</span> <span class='ocrx_word' id='word_1_68' title='bbox 440 1456 535 1523; x_wconf 85' lang='lat' dir='ltr'>bibat</span> <span class='ocrx_word' id='word_1_69' title='bbox 560 1456 773 1540; x_wconf 81' lang='lat' dir='ltr'>justitiaeque</span> <span class='ocrx_word' id='word_1_70' title='bbox 797 1478 876 1523; x_wconf 88' lang='lat' dir='ltr'>suae</span> <span class='ocrx_word' id='word_1_71' title='bbox 899 1479 935 1522; x_wconf 90' lang='lat' dir='ltr'>os</span> <span class='ocrx_word' id='word_1_72' title='bbox 959 1466 1174 1542; x_wconf 79' lang='lat' dir='ltr'>apponentes,</span> <span class='ocrx_word' id='word_1_73' title='bbox 1199 1455 1322 1523; x_wconf 86' lang='lat' dir='ltr'>deinde</span> <span class='ocrx_word' id='word_1_74' title='bbox 1345 1453 1452 1521; x_wconf 90' lang='lat' dir='ltr'>tribus</span> <span class='ocrx_word' id='word_1_75' title='bbox 1473 1453 1551 1520; x_wconf 78' lang='lat' dir='ltr'>rici·</span> <span class='ocrx_word' id='word_1_76' title='bbox 1599 1501 1603 1546; x_wconf 43' lang='grc' dir='ltr'>Ξ</span> 
     </span>
     <span class='ocr_line' id='line_1_10' title="bbox 364 1559 1551 1648; baseline -0.003 -19"><span class='ocrx_word' id='word_1_77' title='bbox 364 1564 425 1630; x_wconf 87' lang='lat' dir='ltr'>bus</span> <span class='ocrx_word' id='word_1_78' title='bbox 449 1561 569 1648; x_wconf 85' lang='lat' dir='ltr'>squilla</span> <span class='ocrx_word' id='word_1_79' title='bbox 596 1584 750 1646; x_wconf 80' lang='lat' dir='ltr'>percussa</span> <span class='ocrx_word' id='word_1_80' title='bbox 779 1571 949 1647; x_wconf 78' lang='lat' dir='ltr'>surgentes</span> <span class='ocrx_word' id='word_1_81' title='bbox 979 1571 1189 1630; x_wconf 81' lang='lat' dir='ltr'>revertantur</span> <span class='ocrx_word' id='word_1_82' title='bbox 1218 1564 1254 1629; x_wconf 93' lang='lat' dir='ltr'>iu</span> <span class='ocrx_word' id='word_1_83' title='bbox 1284 1562 1482 1629; x_wconf 83' lang='lat' dir='ltr'>claustrum:</span> <span class='ocrx_word' id='word_1_84' title='bbox 1517 1559 1551 1626; x_wconf 88' lang='lat' dir='ltr'>iu</span> 
     </span>
     <span class='ocr_line' id='line_1_11' title="bbox 365 1666 1553 1755; baseline -0.001 -20"><span class='ocrx_word' id='word_1_85' title='bbox 365 1671 458 1737; x_wconf 83' lang='lat' dir='ltr'>sestis</span> <span class='ocrx_word' id='word_1_86' title='bbox 482 1666 597 1735; x_wconf 89' lang='lat' dir='ltr'>diebus</span> <span class='ocrx_word' id='word_1_87' title='bbox 620 1669 830 1754; x_wconf 86' lang='lat' dir='ltr'>similiterque</span> <span class='ocrx_word' id='word_1_88' title='bbox 853 1677 1013 1755; x_wconf 83' lang='lat' dir='ltr'>peragant</span> <span class='ocrx_word' id='word_1_89' title='bbox 1032 1670 1197 1755; x_wconf 82' lang='lat' dir='ltr'>usquead</span> <span class='ocrx_word' id='word_1_90' title='bbox 1214 1669 1428 1736; x_wconf 77' lang='lat' dir='ltr'>festivitatem</span> <span class='ocrx_word' id='word_1_91' title='bbox 1444 1667 1553 1734; x_wconf 86' lang='lat' dir='ltr'>sancti</span> 
     </span>
     <span class='ocr_line' id='line_1_12' title="bbox 364 1775 508 1844; baseline 0.007 -1"><span class='ocrx_word' id='word_1_92' title='bbox 364 1775 508 1844; x_wconf 86' lang='lat' dir='ltr'>martini.</span> 
     </span>
     <span class='ocr_line' id='line_1_13' title="bbox 454 1881 939 1950; baseline 0 0"><span class='ocrx_word' id='word_1_93' title='bbox 454 1881 629 1950; x_wconf 82' lang='lat' dir='ltr'><strong>CXXIII.</strong></span> <span class='ocrx_word' id='word_1_94' title='bbox 665 1881 807 1949; x_wconf 78' lang='lat' dir='ltr'>Privatis</span> <span class='ocrx_word' id='word_1_95' title='bbox 830 1891 939 1950; x_wconf 87' lang='lat' dir='ltr'>autem</span> 
     </span>
    </p>

    <p class='ocr_par' dir='ltr' id='par_1_6' title="bbox 365 1987 1555 2720">
     <span class='ocr_line' id='line_1_14' title="bbox 366 1987 1554 2075; baseline 0 -21"><span class='ocrx_word' id='word_1_96' title='bbox 366 1989 481 2056; x_wconf 90' lang='lat' dir='ltr'>diebus</span> <span class='ocrx_word' id='word_1_97' title='bbox 511 1990 632 2055; x_wconf 90' lang='lat' dir='ltr'>mensis</span> <span class='ocrx_word' id='word_1_98' title='bbox 662 1988 803 2056; x_wconf 82' lang='lat' dir='ltr'>octobris</span> <span class='ocrx_word' id='word_1_99' title='bbox 829 1997 904 2075; x_wconf 83' lang='lat' dir='ltr'>post</span> <span class='ocrx_word' id='word_1_100' title='bbox 926 1991 1106 2056; x_wconf 87' lang='lat' dir='ltr'>matutinas</span> <span class='ocrx_word' id='word_1_101' title='bbox 1129 1995 1342 2056; x_wconf 75' lang='lat' dir='ltr'>revertantur</span> <span class='ocrx_word' id='word_1_102' title='bbox 1365 1987 1409 2055; x_wconf 88' lang='lat' dir='ltr'>ud</span> <span class='ocrx_word' id='word_1_103' title='bbox 1431 1987 1554 2054; x_wconf 88' lang='lat' dir='ltr'>lectula</span> 
     </span>
     <span class='ocr_line' id='line_1_15' title="bbox 366 2094 1555 2181; baseline -0.002 -19"><span class='ocrx_word' id='word_1_104' title='bbox 366 2096 496 2164; x_wconf 85' lang='lat' dir='ltr'>iratres.</span> <span class='ocrx_word' id='word_1_105' title='bbox 543 2094 635 2163; x_wconf 63' lang='lat' dir='ltr'>Cumv</span> <span class='ocrx_word' id='word_1_106' title='bbox 657 2094 743 2162; x_wconf 88' lang='lat' dir='ltr'>diem</span> <span class='ocrx_word' id='word_1_107' title='bbox 773 2096 890 2162; x_wconf 78' lang='lat' dir='ltr'>uiderit</span> <span class='ocrx_word' id='word_1_108' title='bbox 919 2118 1079 2181; x_wconf 82' lang='lat' dir='ltr'>apparere</span> <span class='ocrx_word' id='word_1_109' title='bbox 1110 2104 1223 2165; x_wconf 88' lang='lat' dir='ltr'>custos</span> <span class='ocrx_word' id='word_1_110' title='bbox 1254 2094 1436 2162; x_wconf 84' lang='lat' dir='ltr'>aecclesias</span> <span class='ocrx_word' id='word_1_111' title='bbox 1458 2102 1555 2162; x_wconf 87' lang='lat' dir='ltr'>sonet</span> 
     </span>
     <span class='ocr_line' id='line_1_16' title="bbox 365 2200 1553 2286; baseline -0.002 -17"><span class='ocrx_word' id='word_1_112' title='bbox 365 2203 472 2270; x_wconf 89' lang='lat' dir='ltr'>minus</span> <span class='ocrx_word' id='word_1_113' title='bbox 495 2202 622 2286; x_wconf 89' lang='lat' dir='ltr'>siguum</span> <span class='ocrx_word' id='word_1_114' title='bbox 645 2201 791 2269; x_wconf 88' lang='lat' dir='ltr'>modicae</span> <span class='ocrx_word' id='word_1_115' title='bbox 819 2202 852 2268; x_wconf 83' lang='lat' dir='ltr'>et</span> <span class='ocrx_word' id='word_1_116' title='bbox 875 2203 943 2269; x_wconf 86' lang='lat' dir='ltr'>sine</span> <span class='ocrx_word' id='word_1_117' title='bbox 965 2222 1058 2269; x_wconf 88' lang='lat' dir='ltr'>mora</span> <span class='ocrx_word' id='word_1_118' title='bbox 1080 2205 1252 2270; x_wconf 78' lang='lat' dir='ltr'>venientes</span> <span class='ocrx_word' id='word_1_119' title='bbox 1282 2201 1327 2267; x_wconf 88' lang='lat' dir='ltr'>ad</span> <span class='ocrx_word' id='word_1_120' title='bbox 1358 2200 1553 2268; x_wconf 73' lang='lat' dir='ltr'>aecclesiam</span> 
     </span>
     <span class='ocr_line' id='line_1_17' title="bbox 366 2306 1554 2396; baseline -0.001 -21"><span class='ocrx_word' id='word_1_121' title='bbox 366 2308 484 2376; x_wconf 85' lang='lat' dir='ltr'>iratres</span> <span class='ocrx_word' id='word_1_122' title='bbox 500 2315 635 2375; x_wconf 87' lang='lat' dir='ltr'>cantent</span> <span class='ocrx_word' id='word_1_123' title='bbox 650 2310 798 2394; x_wconf 81' lang='lat' dir='ltr'>primam,</span> <span class='ocrx_word' id='word_1_124' title='bbox 815 2317 847 2375; x_wconf 86' lang='lat' dir='ltr'>et</span> <span class='ocrx_word' id='word_1_125' title='bbox 864 2318 938 2394; x_wconf 88' lang='lat' dir='ltr'>post</span> <span class='ocrx_word' id='word_1_126' title='bbox 954 2316 1078 2396; x_wconf 87' lang='lat' dir='ltr'>septem</span> <span class='ocrx_word' id='word_1_127' title='bbox 1094 2310 1240 2395; x_wconf 87' lang='lat' dir='ltr'>psalmos</span> <span class='ocrx_word' id='word_1_128' title='bbox 1255 2308 1453 2375; x_wconf 86' lang='lat' dir='ltr'>laetaniam:</span> <span class='ocrx_word' id='word_1_129' title='bbox 1475 2306 1554 2374; x_wconf 84' lang='lat' dir='ltr'>iude</span> 
     </span>
     <span class='ocr_line' id='line_1_18' title="bbox 366 2414 1554 2502; baseline 0.002 -23"><span class='ocrx_word' id='word_1_130' title='bbox 366 2419 533 2484; x_wconf 78' lang='lat' dir='ltr'>venientes</span> <span class='ocrx_word' id='word_1_131' title='bbox 555 2414 693 2482; x_wconf 85' lang='lat' dir='ltr'>sedeant</span> <span class='ocrx_word' id='word_1_132' title='bbox 719 2414 762 2482; x_wconf 88' lang='lat' dir='ltr'>ad</span> <span class='ocrx_word' id='word_1_133' title='bbox 785 2416 941 2483; x_wconf 88' lang='lat' dir='ltr'>lectiones</span> <span class='ocrx_word' id='word_1_134' title='bbox 970 2438 1049 2483; x_wconf 86' lang='lat' dir='ltr'>suas</span> <span class='ocrx_word' id='word_1_135' title='bbox 1078 2439 1151 2482; x_wconf 80' lang='lat' dir='ltr'>cium</span> <span class='ocrx_word' id='word_1_136' title='bbox 1183 2416 1332 2500; x_wconf 88' lang='lat' dir='ltr'>silentiu,</span> <span class='ocrx_word' id='word_1_137' title='bbox 1362 2415 1459 2502; x_wconf 85' lang='lat' dir='ltr'>pueri</span> <span class='ocrx_word' id='word_1_138' title='bbox 1486 2414 1554 2501; x_wconf 89' lang='lat' dir='ltr'>pri·</span> 
     </span>
     <span class='ocr_line' id='line_1_19' title="bbox 366 2521 1555 2608; baseline -0.002 -18"><span class='ocrx_word' id='word_1_139' title='bbox 366 2525 464 2590; x_wconf 88' lang='lat' dir='ltr'>mitus</span> <span class='ocrx_word' id='word_1_140' title='bbox 487 2522 558 2588; x_wconf 86' lang='lat' dir='ltr'>alta</span> <span class='ocrx_word' id='word_1_141' title='bbox 581 2544 660 2590; x_wconf 79' lang='lat' dir='ltr'>soce</span> <span class='ocrx_word' id='word_1_142' title='bbox 682 2523 809 2608; x_wconf 88' lang='lat' dir='ltr'>legant,</span> <span class='ocrx_word' id='word_1_143' title='bbox 841 2531 957 2608; x_wconf 84' lang='lat' dir='ltr'>postea</span> <span class='ocrx_word' id='word_1_144' title='bbox 986 2524 1136 2606; x_wconf 83' lang='lat' dir='ltr'>suarius,</span> <span class='ocrx_word' id='word_1_145' title='bbox 1166 2522 1219 2590; x_wconf 83' lang='lat' dir='ltr'>rel</span> <span class='ocrx_word' id='word_1_146' title='bbox 1246 2529 1401 2607; x_wconf 72' lang='lat' dir='ltr'>cantent,</span> <span class='ocrx_word' id='word_1_147' title='bbox 1434 2521 1555 2588; x_wconf 82' lang='lat' dir='ltr'>iratres</span> 
     </span>
     <span class='ocr_line' id='line_1_20' title="bbox 367 2628 1555 2720; baseline 0.002 -25"><span class='ocrx_word' id='word_1_148' title='bbox 367 2638 477 2698; x_wconf 72' lang='lat' dir='ltr'>andem</span> <span class='ocrx_word' id='word_1_149' title='bbox 499 2629 637 2697; x_wconf 82' lang='lat' dir='ltr'>honeste</span> <span class='ocrx_word' id='word_1_150' title='bbox 660 2628 781 2698; x_wconf 88' lang='lat' dir='ltr'>debent</span> <span class='ocrx_word' id='word_1_151' title='bbox 804 2630 854 2696; x_wconf 83' lang='lat' dir='ltr'>rel</span> <span class='ocrx_word' id='word_1_152' title='bbox 864 2630 891 2720; x_wconf 88' lang='lat'>¹)</span> <span class='ocrx_word' id='word_1_153' title='bbox 913 2630 1023 2718; x_wconf 88' lang='lat' dir='ltr'>legere</span> <span class='ocrx_word' id='word_1_154' title='bbox 1047 2629 1097 2699; x_wconf 83' lang='lat' dir='ltr'>vel</span> <span class='ocrx_word' id='word_1_155' title='bbox 1120 2639 1269 2701; x_wconf 56' lang='lat' dir='ltr'>cauare.</span> <span class='ocrx_word' id='word_1_156' title='bbox 1314 2628 1555 2697; x_wconf 85' lang='lat' dir='ltr'>Ebdomadarii</span> 
     </span>
    </p>
   </div>
   <div class='ocr_carea' id='block_1_6' title="bbox 251 2734 1555 2824">
    <p class='ocr_par' dir='ltr' id='par_1_7' title="bbox 251 2734 1555 2824">
     <span class='ocr_line' id='line_1_21' title="bbox 251 2734 1555 2824; baseline 0.002 -23"><span class='ocrx_word' id='word_1_157' title='bbox 251 2760 254 2765; x_wconf 69' lang='grc'><strong>’</strong></span> <span class='ocrx_word' id='word_1_158' title='bbox 367 2740 536 2824; x_wconf 72' lang='lat' dir='ltr'>coquinae,</span> <span class='ocrx_word' id='word_1_159' title='bbox 560 2736 729 2818; x_wconf 85' lang='lat' dir='ltr'>cellerarii,</span> <span class='ocrx_word' id='word_1_160' title='bbox 752 2746 787 2803; x_wconf 85' lang='lat' dir='ltr'>et</span> <span class='ocrx_word' id='word_1_161' title='bbox 809 2736 940 2822; x_wconf 89' lang='lat' dir='ltr'>decani,</span> <span class='ocrx_word' id='word_1_162' title='bbox 970 2738 1021 2805; x_wconf 80' lang='lat' dir='ltr'>rel</span> <span class='ocrx_word' id='word_1_163' title='bbox 1044 2739 1163 2824; x_wconf 82' lang='lat' dir='ltr'>quibus</span> <span class='ocrx_word' id='word_1_164' title='bbox 1187 2738 1229 2805; x_wconf 92' lang='lat' dir='ltr'>de</span> <span class='ocrx_word' id='word_1_165' title='bbox 1253 2737 1334 2805; x_wconf 79' lang='lat' dir='ltr'>ioris</span> <span class='ocrx_word' id='word_1_166' title='bbox 1357 2734 1485 2824; x_wconf 89' lang='lat' dir='ltr'>aliquid</span> <span class='ocrx_word' id='word_1_167' title='bbox 1506 2737 1555 2804; x_wconf 90' lang='lat' dir='ltr'>iu·</span> 
     </span>
    </p>
   </div>
   <div class='ocr_carea' id='block_1_7' title="bbox 362 2843 1565 4527">
    <p class='ocr_par' dir='ltr' id='par_1_8' title="bbox 362 2843 1562 4299">
     <span class='ocr_line' id='line_1_22' title="bbox 362 2843 1556 2930; baseline 0 -19"><span class='ocrx_word' id='word_1_168' title='bbox 362 2846 514 2930; x_wconf 88' lang='lat' dir='ltr'>junctum</span> <span class='ocrx_word' id='word_1_169' title='bbox 538 2851 589 2910; x_wconf 88' lang='lat' dir='ltr'>est</span> <span class='ocrx_word' id='word_1_170' title='bbox 611 2843 827 2925; x_wconf 78' lang='lat' dir='ltr'>obedientiae,</span> <span class='ocrx_word' id='word_1_171' title='bbox 850 2844 972 2913; x_wconf 88' lang='lat' dir='ltr'>debent</span> <span class='ocrx_word' id='word_1_172' title='bbox 995 2867 1028 2911; x_wconf 88' lang='lat' dir='ltr'>se</span> <span class='ocrx_word' id='word_1_173' title='bbox 1052 2845 1258 2913; x_wconf 84' lang='lat' dir='ltr'>solummodo</span> <span class='ocrx_word' id='word_1_174' title='bbox 1282 2844 1432 2915; x_wconf 83' lang='lat' dir='ltr'>cultiore.</span> <span class='ocrx_word' id='word_1_175' title='bbox 1470 2843 1556 2912; x_wconf 86' lang='lat' dir='ltr'>Cum</span> 
     </span>
     <span class='ocr_line' id='line_1_23' title="bbox 369 2948 1556 3036; baseline 0.003 -21"><span class='ocrx_word' id='word_1_176' title='bbox 369 2959 497 3035; x_wconf 78' lang='lat' dir='ltr'>tempus</span> <span class='ocrx_word' id='word_1_177' title='bbox 521 2948 621 3017; x_wconf 82' lang='lat' dir='ltr'>luerit</span> <span class='ocrx_word' id='word_1_178' title='bbox 643 2951 802 3035; x_wconf 86' lang='lat' dir='ltr'>regularis</span> <span class='ocrx_word' id='word_1_179' title='bbox 825 2951 937 3034; x_wconf 88' lang='lat' dir='ltr'>horae,</span> <span class='ocrx_word' id='word_1_180' title='bbox 960 2960 1054 3017; x_wconf 89' lang='lat' dir='ltr'>sonet</span> <span class='ocrx_word' id='word_1_181' title='bbox 1077 2959 1190 3020; x_wconf 89' lang='lat' dir='ltr'>custos</span> <span class='ocrx_word' id='word_1_182' title='bbox 1213 2953 1322 3017; x_wconf 90' lang='lat' dir='ltr'>minus</span> <span class='ocrx_word' id='word_1_183' title='bbox 1337 2951 1465 3036; x_wconf 88' lang='lat' dir='ltr'>siguum</span> <span class='ocrx_word' id='word_1_184' title='bbox 1487 2972 1556 3018; x_wconf 89' lang='lat' dir='ltr'>mo·</span> 
     </span>
     <span class='ocr_line' id='line_1_24' title="bbox 370 3055 1558 3143; baseline 0.002 -21"><span class='ocrx_word' id='word_1_185' title='bbox 370 3056 473 3132; x_wconf 85' lang='lat' dir='ltr'>dicae.</span> <span class='ocrx_word' id='word_1_186' title='bbox 496 3063 535 3122; x_wconf 87' lang='lat' dir='ltr'>ut</span> <span class='ocrx_word' id='word_1_187' title='bbox 557 3065 728 3141; x_wconf 78' lang='lat' dir='ltr'>pergentes</span> <span class='ocrx_word' id='word_1_188' title='bbox 752 3059 785 3124; x_wconf 93' lang='lat' dir='ltr'>in</span> <span class='ocrx_word' id='word_1_189' title='bbox 806 3057 1030 3124; x_wconf 86' lang='lat' dir='ltr'>dormitorium</span> <span class='ocrx_word' id='word_1_190' title='bbox 1048 3058 1186 3125; x_wconf 88' lang='lat' dir='ltr'>caltieut</span> <span class='ocrx_word' id='word_1_191' title='bbox 1201 3059 1285 3143; x_wconf 76' lang='lat' dir='ltr'>se,¹)</span> <span class='ocrx_word' id='word_1_192' title='bbox 1309 3055 1431 3124; x_wconf 83' lang='lat' dir='ltr'>deinde</span> <span class='ocrx_word' id='word_1_193' title='bbox 1445 3056 1558 3124; x_wconf 82' lang='lat' dir='ltr'>lavent</span> 
     </span>
     <span class='ocr_line' id='line_1_25' title="bbox 369 3162 1556 3233; baseline 0 -4"><span class='ocrx_word' id='word_1_194' title='bbox 369 3185 486 3230; x_wconf 85' lang='lat' dir='ltr'>manus</span> <span class='ocrx_word' id='word_1_195' title='bbox 509 3170 543 3228; x_wconf 88' lang='lat' dir='ltr'>et</span> <span class='ocrx_word' id='word_1_196' title='bbox 565 3162 665 3230; x_wconf 83' lang='lat' dir='ltr'>iacies</span> <span class='ocrx_word' id='word_1_197' title='bbox 687 3185 775 3233; x_wconf 88' lang='lat' dir='ltr'>suas.</span> <span class='ocrx_word' id='word_1_198' title='bbox 822 3164 1038 3231; x_wconf 83' lang='lat' dir='ltr'>Venientibus</span> <span class='ocrx_word' id='word_1_199' title='bbox 1067 3172 1178 3232; x_wconf 90' lang='lat' dir='ltr'>autem</span> <span class='ocrx_word' id='word_1_200' title='bbox 1209 3163 1255 3230; x_wconf 88' lang='lat' dir='ltr'>ad</span> <span class='ocrx_word' id='word_1_201' title='bbox 1286 3163 1480 3231; x_wconf 74' lang='lat' dir='ltr'>aecclesiam</span> <span class='ocrx_word' id='word_1_202' title='bbox 1507 3163 1556 3229; x_wconf 91' lang='lat' dir='ltr'>in·</span> 
     </span>
     <span class='ocr_line' id='line_1_26' title="bbox 370 3269 1558 3356; baseline 0.001 -20"><span class='ocrx_word' id='word_1_203' title='bbox 370 3270 516 3337; x_wconf 83' lang='lat' dir='ltr'>lantibus</span> <span class='ocrx_word' id='word_1_204' title='bbox 550 3270 655 3353; x_wconf 87' lang='lat' dir='ltr'>majus</span> <span class='ocrx_word' id='word_1_205' title='bbox 689 3272 816 3356; x_wconf 90' lang='lat' dir='ltr'>signum</span> <span class='ocrx_word' id='word_1_206' title='bbox 851 3280 1000 3355; x_wconf 90' lang='lat' dir='ltr'>sonetur,</span> <span class='ocrx_word' id='word_1_207' title='bbox 1035 3279 1070 3338; x_wconf 87' lang='lat' dir='ltr'>et</span> <span class='ocrx_word' id='word_1_208' title='bbox 1103 3273 1138 3338; x_wconf 95' lang='lat' dir='ltr'>in</span> <span class='ocrx_word' id='word_1_209' title='bbox 1173 3271 1277 3339; x_wconf 88' lang='lat' dir='ltr'>choro</span> <span class='ocrx_word' id='word_1_210' title='bbox 1313 3269 1410 3338; x_wconf 84' lang='lat' dir='ltr'>simul</span> <span class='ocrx_word' id='word_1_211' title='bbox 1444 3292 1558 3337; x_wconf 87' lang='lat' dir='ltr'>omnes</span> 
     </span>
     <span class='ocr_line' id='line_1_27' title="bbox 371 3376 1557 3463; baseline 0.003 -20"><span class='ocrx_word' id='word_1_212' title='bbox 371 3376 494 3445; x_wconf 68' lang='lat' dir='ltr'>iaciant</span> <span class='ocrx_word' id='word_1_213' title='bbox 516 3384 585 3442; x_wconf 89' lang='lat' dir='ltr'>tres</span> <span class='ocrx_word' id='word_1_214' title='bbox 607 3378 782 3456; x_wconf 88' lang='lat' dir='ltr'>orationes,</span> <span class='ocrx_word' id='word_1_215' title='bbox 806 3377 923 3463; x_wconf 83' lang='lat' dir='ltr'>quibus</span> <span class='ocrx_word' id='word_1_216' title='bbox 947 3377 1047 3445; x_wconf 86' lang='lat' dir='ltr'>linitis</span> <span class='ocrx_word' id='word_1_217' title='bbox 1065 3378 1226 3445; x_wconf 91' lang='lat' dir='ltr'>inclinent</span> <span class='ocrx_word' id='word_1_218' title='bbox 1247 3399 1284 3445; x_wconf 88' lang='lat' dir='ltr'>se</span> <span class='ocrx_word' id='word_1_219' title='bbox 1307 3385 1386 3445; x_wconf 88' lang='lat' dir='ltr'>ante</span> <span class='ocrx_word' id='word_1_220' title='bbox 1409 3384 1444 3445; x_wconf 83' lang='lat' dir='ltr'>et</span> <span class='ocrx_word' id='word_1_221' title='bbox 1458 3384 1557 3449; x_wconf 79' lang='lat' dir='ltr'>retro.</span> 
     </span>
     <span class='ocr_line' id='line_1_28' title="bbox 371 3484 1558 3573; baseline 0.003 -23"><span class='ocrx_word' id='word_1_222' title='bbox 371 3484 496 3551; x_wconf 90' lang='lat' dir='ltr'>Iterum</span> <span class='ocrx_word' id='word_1_223' title='bbox 513 3484 620 3549; x_wconf 87' lang='lat' dir='ltr'>miuus</span> <span class='ocrx_word' id='word_1_224' title='bbox 635 3484 763 3569; x_wconf 90' lang='lat' dir='ltr'>signum</span> <span class='ocrx_word' id='word_1_225' title='bbox 778 3485 943 3569; x_wconf 84' lang='lat' dir='ltr'>pulsetur:</span> <span class='ocrx_word' id='word_1_226' title='bbox 967 3494 1101 3552; x_wconf 84' lang='lat' dir='ltr'>cantent</span> <span class='ocrx_word' id='word_1_227' title='bbox 1117 3486 1262 3568; x_wconf 90' lang='lat' dir='ltr'>tertiam,</span> <span class='ocrx_word' id='word_1_228' title='bbox 1278 3492 1397 3573; x_wconf 76' lang='lat' dir='ltr'>postea</span> <span class='ocrx_word' id='word_1_229' title='bbox 1411 3485 1558 3553; x_wconf 89' lang='lat' dir='ltr'>missam.</span> 
     </span>
     <span class='ocr_line' id='line_1_29' title="bbox 372 3590 1560 3678; baseline 0.001 -20"><span class='ocrx_word' id='word_1_230' title='bbox 372 3592 479 3659; x_wconf 81' lang='lat' dir='ltr'>Missa</span> <span class='ocrx_word' id='word_1_231' title='bbox 501 3597 637 3677; x_wconf 79' lang='lat' dir='ltr'>peracta</span> <span class='ocrx_word' id='word_1_232' title='bbox 659 3599 754 3657; x_wconf 86' lang='lat' dir='ltr'>sonet</span> <span class='ocrx_word' id='word_1_233' title='bbox 775 3592 877 3677; x_wconf 85' lang='lat' dir='ltr'>prior,</span> <span class='ocrx_word' id='word_1_234' title='bbox 895 3590 1043 3678; x_wconf 90' lang='lat' dir='ltr'>jubente,</span> <span class='ocrx_word' id='word_1_235' title='bbox 1067 3593 1094 3659; x_wconf 89' lang='lat' dir='ltr'>si</span> <span class='ocrx_word' id='word_1_236' title='bbox 1119 3613 1277 3677; x_wconf 85' lang='lat' dir='ltr'>praesens</span> <span class='ocrx_word' id='word_1_237' title='bbox 1302 3592 1413 3674; x_wconf 84' lang='lat' dir='ltr'>suerit,</span> <span class='ocrx_word' id='word_1_238' title='bbox 1436 3590 1560 3659; x_wconf 78' lang='lat' dir='ltr'>abbate</span> 
     </span>
     <span class='ocr_line' id='line_1_30' title="bbox 372 3697 1560 3783; baseline 0 -19"><span class='ocrx_word' id='word_1_239' title='bbox 372 3699 498 3782; x_wconf 87' lang='lat' dir='ltr'>signum</span> <span class='ocrx_word' id='word_1_240' title='bbox 523 3697 566 3763; x_wconf 88' lang='lat' dir='ltr'>nd</span> <span class='ocrx_word' id='word_1_241' title='bbox 590 3698 783 3782; x_wconf 80' lang='lat' dir='ltr'>capitulum,</span> <span class='ocrx_word' id='word_1_242' title='bbox 815 3708 848 3765; x_wconf 89' lang='lat' dir='ltr'>et</span> <span class='ocrx_word' id='word_1_243' title='bbox 877 3720 936 3783; x_wconf 79' lang='lat' dir='ltr'>per</span> <span class='ocrx_word' id='word_1_244' title='bbox 964 3699 1111 3765; x_wconf 83' lang='lat' dir='ltr'>ordinem</span> <span class='ocrx_word' id='word_1_245' title='bbox 1142 3700 1230 3766; x_wconf 87' lang='lat' dir='ltr'>sicut</span> <span class='ocrx_word' id='word_1_246' title='bbox 1255 3698 1303 3766; x_wconf 90' lang='lat' dir='ltr'>ibi</span> <span class='ocrx_word' id='word_1_247' title='bbox 1326 3699 1449 3766; x_wconf 68' lang='lat' dir='ltr'>amauri</span> <span class='ocrx_word' id='word_1_248' title='bbox 1472 3705 1560 3783; x_wconf 88' lang='lat' dir='ltr'>suut,</span> 
     </span>
     <span class='ocr_line' id='line_1_31' title="bbox 372 3804 1561 3893; baseline 0.003 -23"><span class='ocrx_word' id='word_1_249' title='bbox 372 3805 448 3871; x_wconf 83' lang='lat' dir='ltr'>illue</span> <span class='ocrx_word' id='word_1_250' title='bbox 478 3804 600 3871; x_wconf 82' lang='lat' dir='ltr'>iratres</span> <span class='ocrx_word' id='word_1_251' title='bbox 630 3805 770 3872; x_wconf 76' lang='lat' dir='ltr'>veniant.</span> <span class='ocrx_word' id='word_1_252' title='bbox 817 3804 891 3892; x_wconf 86' lang='lat' dir='ltr'>Quo</span> <span class='ocrx_word' id='word_1_253' title='bbox 924 3813 1059 3890; x_wconf 86' lang='lat' dir='ltr'>peracto</span> <span class='ocrx_word' id='word_1_254' title='bbox 1093 3806 1208 3872; x_wconf 84' lang='lat' dir='ltr'>dicant</span> <span class='ocrx_word' id='word_1_255' title='bbox 1238 3807 1385 3893; x_wconf 87' lang='lat' dir='ltr'>quinque</span> <span class='ocrx_word' id='word_1_256' title='bbox 1414 3805 1561 3893; x_wconf 84' lang='lat' dir='ltr'>psalmos</span> 
     </span>
     <span class='ocr_line' id='line_1_32' title="bbox 373 3910 1561 3997; baseline 0.007 -23"><span class='ocrx_word' id='word_1_257' title='bbox 373 3911 525 3996; x_wconf 74' lang='lat' dir='ltr'>probis,</span> <span class='ocrx_word' id='word_1_258' title='bbox 556 3932 693 3996; x_wconf 66' lang='lat' dir='ltr'>«litorum</span> <span class='ocrx_word' id='word_1_259' title='bbox 717 3919 791 3977; x_wconf 89' lang='lat' dir='ltr'>snut</span> <span class='ocrx_word' id='word_1_260' title='bbox 815 3910 859 3977; x_wconf 90' lang='lat' dir='ltr'>ibi</span> <span class='ocrx_word' id='word_1_261' title='bbox 883 3913 1014 3979; x_wconf 80' lang='lat' dir='ltr'>nornine</span> <span class='ocrx_word' id='word_1_262' title='bbox 1037 3913 1263 3997; x_wconf 81' lang='lat' dir='ltr'>pronuntiata.</span> <span class='ocrx_word' id='word_1_263' title='bbox 1310 3911 1444 3979; x_wconf 83' lang='lat' dir='ltr'>Deinde</span> <span class='ocrx_word' id='word_1_264' title='bbox 1466 3921 1561 3982; x_wconf 84' lang='lat' dir='ltr'>sonet</span> 
     </span>
     <span class='ocr_line' id='line_1_33' title="bbox 374 4016 1562 4105; baseline 0.003 -22"><span class='ocrx_word' id='word_1_265' title='bbox 374 4019 464 4103; x_wconf 75' lang='lat' dir='ltr'>prior</span> <span class='ocrx_word' id='word_1_266' title='bbox 494 4016 639 4083; x_wconf 90' lang='lat' dir='ltr'>tabulam</span> <span class='ocrx_word' id='word_1_267' title='bbox 670 4026 834 4085; x_wconf 88' lang='lat' dir='ltr'>anunente</span> <span class='ocrx_word' id='word_1_268' title='bbox 864 4018 1001 4101; x_wconf 86' lang='lat' dir='ltr'>abbate,</span> <span class='ocrx_word' id='word_1_269' title='bbox 1032 4026 1066 4086; x_wconf 89' lang='lat' dir='ltr'>et</span> <span class='ocrx_word' id='word_1_270' title='bbox 1092 4018 1209 4105; x_wconf 85' lang='lat' dir='ltr'>jubeat</span> <span class='ocrx_word' id='word_1_271' title='bbox 1240 4020 1312 4104; x_wconf 80' lang='lat' dir='ltr'>ipse</span> <span class='ocrx_word' id='word_1_272' title='bbox 1342 4019 1487 4105; x_wconf 90' lang='lat' dir='ltr'>singulos</span> <span class='ocrx_word' id='word_1_273' title='bbox 1516 4019 1562 4088; x_wconf 89' lang='lat' dir='ltr'>ad</span> 
     </span>
     <span class='ocr_line' id='line_1_34' title="bbox 374 4124 1562 4211; baseline 0.004 -22"><span class='ocrx_word' id='word_1_274' title='bbox 374 4124 484 4191; x_wconf 82' lang='lat' dir='ltr'>officia</span> <span class='ocrx_word' id='word_1_275' title='bbox 513 4144 573 4190; x_wconf 86' lang='lat' dir='ltr'>sua</span> <span class='ocrx_word' id='word_1_276' title='bbox 601 4146 745 4210; x_wconf 85' lang='lat' dir='ltr'>pergere.</span> <span class='ocrx_word' id='word_1_277' title='bbox 792 4124 891 4191; x_wconf 85' lang='lat' dir='ltr'>Pueri</span> <span class='ocrx_word' id='word_1_278' title='bbox 920 4126 1050 4192; x_wconf 81' lang='lat' dir='ltr'>veniunt</span> <span class='ocrx_word' id='word_1_279' title='bbox 1082 4125 1125 4192; x_wconf 91' lang='lat' dir='ltr'>ad</span> <span class='ocrx_word' id='word_1_280' title='bbox 1156 4124 1358 4211; x_wconf 87' lang='lat' dir='ltr'>capitulum,</span> <span class='ocrx_word' id='word_1_281' title='bbox 1388 4132 1505 4211; x_wconf 76' lang='lat' dir='ltr'>postea</span> <span class='ocrx_word' id='word_1_282' title='bbox 1528 4125 1562 4194; x_wconf 92' lang='lat' dir='ltr'>iu</span> 
     </span>
     <span class='ocr_line' id='line_1_35' title="bbox 375 4230 596 4299; baseline 0 -1"><span class='ocrx_word' id='word_1_283' title='bbox 375 4230 596 4299; x_wconf 80' lang='lat' dir='ltr'>relectorium.</span> 
     </span>
    </p>

    <p class='ocr_par' dir='ltr' id='par_1_9' title="bbox 377 4336 1565 4527">
     <span class='ocr_line' id='line_1_36' title="bbox 466 4336 1563 4429; baseline 0 -25"><span class='ocrx_word' id='word_1_284' title='bbox 466 4336 504 4405; x_wconf 91' lang='lat' dir='ltr'>Si</span> <span class='ocrx_word' id='word_1_285' title='bbox 527 4336 583 4422; x_wconf 86' lang='lat' dir='ltr'>qui</span> <span class='ocrx_word' id='word_1_286' title='bbox 606 4345 683 4403; x_wconf 86' lang='lat' dir='ltr'>sunt</span> <span class='ocrx_word' id='word_1_287' title='bbox 705 4336 771 4403; x_wconf 92' lang='lat' dir='ltr'>alio</span> <span class='ocrx_word' id='word_1_288' title='bbox 794 4336 847 4404; x_wconf 90' lang='lat' dir='ltr'>die</span> <span class='ocrx_word' id='word_1_289' title='bbox 870 4339 922 4405; x_wconf 83' lang='lat' dir='ltr'>rel</span> <span class='ocrx_word' id='word_1_290' title='bbox 944 4339 1043 4406; x_wconf 89' lang='lat' dir='ltr'>tertio</span> <span class='ocrx_word' id='word_1_291' title='bbox 1066 4338 1187 4405; x_wconf 81' lang='lat' dir='ltr'>iratres</span> <span class='ocrx_word' id='word_1_292' title='bbox 1203 4337 1374 4424; x_wconf 78' lang='lat' dir='ltr'>sanguinis</span> <span class='ocrx_word' id='word_1_293' title='bbox 1389 4337 1563 4429; x_wconf 66' lang='lat' dir='ltr'>diminuu-</span> 
     </span>
     <span class='ocr_line' id='line_1_37' title="bbox 377 4442 1565 4527; baseline 0.003 -16"><span class='ocrx_word' id='word_1_294' title='bbox 377 4445 465 4511; x_wconf 89' lang='lat' dir='ltr'>tione</span> <span class='ocrx_word' id='word_1_295' title='bbox 493 4442 635 4527; x_wconf 86' lang='lat' dir='ltr'>debiles,</span> <span class='ocrx_word' id='word_1_296' title='bbox 665 4443 786 4511; x_wconf 86' lang='lat' dir='ltr'>debent</span> <span class='ocrx_word' id='word_1_297' title='bbox 813 4445 846 4511; x_wconf 92' lang='lat' dir='ltr'>iu</span> <span class='ocrx_word' id='word_1_298' title='bbox 876 4444 1048 4513; x_wconf 77' lang='lat' dir='ltr'>refectorio</span> <span class='ocrx_word' id='word_1_299' title='bbox 1079 4445 1128 4511; x_wconf 88' lang='lat' dir='ltr'>ire</span> <span class='ocrx_word' id='word_1_300' title='bbox 1159 4443 1274 4511; x_wconf 89' lang='lat' dir='ltr'>statim</span> <span class='ocrx_word' id='word_1_301' title='bbox 1313 4451 1352 4511; x_wconf 90' lang='lat' dir='ltr'>ut</span> <span class='ocrx_word' id='word_1_302' title='bbox 1379 4444 1565 4515; x_wconf 79' lang='lat' dir='ltr'>exieriutc</span> 
     </span>
    </p>
   </div>
   <div class='ocr_carea' id='block_1_8' title="bbox 469 4674 626 4749">
    <p class='ocr_par' dir='ltr' id='par_1_10' title="bbox 469 4674 626 4749">
     <span class='ocr_line' id='line_1_38' title="bbox 469 4674 626 4749; baseline 0.006 -18"><span class='ocrx_word' id='word_1_303' title='bbox 469 4674 492 4749; x_wconf 88' lang='grc' dir='ltr'>Ι)</span> <span class='ocrx_word' id='word_1_304' title='bbox 510 4674 626 4732; x_wconf 75' lang='lat' dir='ltr'>Rasum.</span> 
     </span>
    </p>
   </div>
   <div class='ocr_carea' id='block_1_9' title="bbox 0 0 1916 5364">
    <p class='ocr_par' dir='ltr' id='par_1_11' title="bbox 0 0 1916 5364">
     <span class='ocr_line' id='line_1_39' title="bbox 0 0 1916 5364; baseline 0 0"><span class='ocrx_word' id='word_1_305' title='bbox 0 0 1916 5364; x_wconf 95' lang='lat' dir='ltr'> </span> 
     </span>
    </p>
   </div>
  </div>
 </body>
</html>
