3792 5375
795 488 1044 549 -149-

324 680 423 747 fuerit
453 701 577 746 caenae
605 688 638 747 et
670 677 790 746 iratres
820 678 937 761 ierint,
967 687 1022 746 eat
1053 689 1086 746 et
1119 680 1191 766 ipse
1214 702 1290 748 eum
1313 684 1361 750 eis
1384 684 1465 753 edat
1487 694 1522 754 et

324 786 417 854 bibat
439 785 596 873 quicquid
620 786 649 853 ei
673 784 860 872 apponitur,
884 786 987 851 etium
1011 786 1041 852 si
1062 786 1093 852 ei
1116 788 1238 855 retitur
1246 787 1273 873 1)
1289 797 1341 857 est
1356 799 1455 877 potus
1470 794 1520 859 rel

324 894 444 979 aliquis
474 892 579 959 cibus.
626 892 666 959 In
695 891 751 958 die
781 890 970 958 festivitatis
980 891 1005 977 ¹)
1036 893 1202 961 caelebret
1225 895 1361 965 missam
1384 907 1418 965 et
1441 908 1521 986 ngat

324 1001 435 1065 omnia
464 1000 548 1067 sicut
578 998 644 1068 alii.
690 996 727 1066 Si
757 1006 808 1063 est
837 998 1050 1084 coquinarius
1079 1001 1187 1086 ipsam
1218 1001 1333 1069 saciat.
1379 1005 1520 1073 Missam

324 1106 458 1193 adjuret
487 1116 641 1188 cantare,
672 1104 731 1172 scd
761 1125 877 1191 pacem
907 1128 975 1172 non
1004 1107 1151 1193 recipiet.
1197 1107 1235 1177 Si
1259 1117 1310 1177 est
1333 1112 1453 1179 missus
1476 1113 1520 1180 acl

324 1212 560 1280 candelabrum
592 1211 778 1291 serendum,
813 1213 920 1297 ipsum
950 1222 1074 1299 portet.
1119 1214 1157 1283 Si
1192 1215 1292 1283 fuerit
1326 1218 1448 1286 missus
1476 1220 1520 1287 acl

324 1320 614 1408 1·esponsor·ium,¹)
646 1341 710 1386 non
747 1318 892 1404 imponat
922 1320 1012 1405 ipse,
1049 1320 1108 1389 sed
1135 1322 1236 1388 alium
1260 1322 1434 1410 subroget,
1463 1329 1519 1415 qui

323 1429 429 1513 ipsum
459 1427 604 1493 osticium
635 1425 816 1514 impleut.¹)
861 1425 1051 1494 Tarusacta
1074 1428 1254 1498 festivitate
1277 1440 1464 1501 revertatur
1485 1436 1519 1502 in

322 1557 415 1601 suram
438 1535 686 1621 poeniteutiam.

358 1755 429 1827 Ast
456 1751 582 1849 graus
610 1750 707 1826 huuc
737 1774 873 1825 morem
903 1750 1164 1827 monachorum
1194 1753 1311 1852 exigit
1336 1781 1492 1833 omnem.

413 1907 495 1976 XV.
534 1907 679 1996 Quando

322 2040 454 2103 gravem
480 2017 583 2084 frater
606 2015 726 2103 aliquis
749 2015 922 2082 committit
939 2014 1083 2102 culpam,
1106 2016 1151 2084 nd
1166 2020 1390 2103 praesentium
1405 2019 1516 2090 domni

322 2126 455 2192 abbatis
479 2146 545 2191 urin
569 2124 670 2191 debet
692 2123 817 2206 renire,
847 2121 953 2189 donec
978 2129 1114 2190 vocatus
1143 2122 1188 2191 ad
1218 2147 1294 2193 eum
1323 2126 1434 2196 luerit.
1480 2127 1517 2198 si

322 2241 433 2300 aurtem
468 2234 541 2317 ipse
576 2231 679 2298 fratre
702 2230 868 2298 nesciente
896 2230 1141 2314 supervenerit,
1176 2239 1255 2299 ante
1285 2233 1394 2321 ipsum
1424 2244 1518 2323 petat

323 2341 451 2406 reniam
475 2337 579 2406 donec
603 2361 678 2405 eum
701 2362 722 2404 a
746 2359 782 2404 se
805 2337 948 2421 ejecerit.
981 2337 1027 2403 Et
1050 2338 1098 2404 sic
1121 2347 1274 2424 expectet
1296 2342 1455 2428 quamdiu
1472 2344 1517 2410 sd

322 2447 586 2536 paeni][tentiam
610 2468 684 2512 eum
707 2445 846 2511 dotamus
875 2443 983 2511 abbas
1012 2445 1132 2512 minat
1178 2444 1275 2515 Tunc
1304 2447 1518 2517 discalciatus

322 2564 354 2623 et
378 2554 486 2621 nudus
510 2555 544 2620 in
572 2560 766 2620 conventum
791 2551 919 2635 reniet,
955 2560 1158 2639 acceptoque
1183 2553 1309 2639 judicio
1331 2555 1427 2637 illuc,
1460 2556 1516 2625 ubi

322 2659 526 2731 consuetudo
550 2661 658 2744 luerit,
687 2660 807 2739 reniet,
838 2658 995 2727 videlicet
1017 2659 1051 2725 in
1075 2659 1240 2729 auditorio
1268 2668 1304 2729 et
1332 2662 1451 2731 calciet
1480 2686 1517 2732 sc

322 2779 424 2858 atqrre
446 2770 568 2836 vestiat
591 2777 624 2835 et
647 2773 834 2835 revertatur
854 2765 889 2832 in
913 2766 1110 2851 capitulum,
1140 2774 1220 2834 unte
1242 2768 1399 2837 domnum
1415 2769 1517 2840 ubba·

321 2887 388 2945 tem
412 2879 541 2944 reniam
565 2883 675 2963 petat:
709 2875 781 2960 ipso
800 2872 938 2960 jubente
969 2873 1174 2959 ingrediatur
1202 2875 1237 2942 in
1265 2878 1516 2963 praenitentiam,

321 2995 352 3053 et
379 2986 491 3053 statim
516 2993 553 3050 ut
576 3006 616 3051 ex
640 2980 786 3069 capitulo
810 2980 926 3046 exierit
950 2979 1080 3067 operiet
1101 2982 1212 3068 capud
1234 3005 1344 3067 sunm,
1374 2993 1410 3052 et
1432 2987 1517 3058 sicut

322 3093 437 3180 regula
460 3092 621 3178 praecipit
653 3091 723 3157 sine
749 3088 898 3174 jussione
922 3086 1035 3154 donini
1066 3087 1198 3155 abbatis
1227 3089 1336 3158 nullus
1365 3090 1411 3159 erl
1441 3115 1514 3159 emo

321 3202 425 3268 irater
452 3198 653 3287 jungatur.²)
698 3195 865 3286 Quamdiu
888 3197 922 3262 in
946 3195 1128 3281 penitentia
1152 3205 1221 3278 est,
1252 3219 1318 3265 non
1341 3200 1452 3268 veniat
1480 3200 1515 3268 in

320 3309 513 3396 capitulum,
537 3309 600 3374 nisi
625 3308 709 3373 duas
732 3305 830 3383 sices,
858 3300 1049 3387 ingrediens
1071 3310 1106 3370 et
1128 3302 1311 3390 egrediens.
1356 3304 1515 3393 Quando·

321 3438 460 3503 canoque
483 3415 637 3502 pulsatur
659 3408 847 3497 signumad
871 3410 1000 3493 horam,
1024 3418 1198 3497 postquam
1213 3433 1327 3479 omnes
1342 3412 1375 3479 in
1392 3413 1515 3482 aeccle·

321 3528 404 3594 siam
441 3522 591 3591 venerint
624 3519 759 3601 fratres,
799 3525 955 3603 cooperto
995 3517 1104 3602 capite
1140 3518 1252 3586 veniat
1290 3519 1334 3586 su
1371 3515 1514 3588 hostium

321 3632 513 3711 aecclesiae,
544 3635 577 3692 et
601 3624 728 3692 tarmlin
751 3631 816 3691 stet
839 3631 985 3706 erectus,
1015 3631 1049 3689 et
1079 3624 1188 3709 capite
1211 3633 1388 3711 coopertus
1410 3625 1514 3694 donec

319 3740 363 3808 ad
393 3757 508 3824 preces
538 3736 570 3801 in
602 3733 702 3800 choro
733 3732 839 3813 dicto,
872 3734 978 3817 llj‘rir
1007 3734 1126 3798 cler'sou
1155 3729 1356 3799 inclinentur
1383 3732 1513 3801 matra

320 3847 414 3914 'l'unc
437 3851 537 3929 caput
563 3840 794 3928 discooperiat,
819 3845 853 3905 et
875 3844 995 3904 contra
1010 3835 1166 3921 hostium,
1189 3836 1241 3904 rel
1256 3839 1399 3906 omnium
1416 3841 1513 3909 resti·

318 3955 372 4040 gia
397 3950 535 4017 fratrum
559 3955 746 4036 prostratus
773 3946 895 4032 jaceat,
920 3944 1026 4011 ‹lonec
1049 3943 1155 4012 omnis
1174 3952 1355 4013 conventus
1374 3946 1512 4015 fratrum

318 4065 425 4128 exeat.
485 4057 582 4124 Tunc
616 4058 736 4123 iterum
771 4058 927 4136 cooperto
963 4050 1073 4135 capite
1107 4049 1152 4117 ad
1187 4050 1370 4119 solitarium
1404 4051 1513 4122 locum

319 4165 440 4246 veniat,
465 4166 578 4250 sieque
602 4163 730 4231 urardin
747 4159 857 4239 saciat,
882 4157 988 4225 donec
1004 4156 1049 4223 ad
1066 4156 1365 4225 reconciliationem
1380 4159 1414 4226 in
1436 4181 1512 4227 con·

318 4282 450 4340 rentum
468 4272 639 4360 vocatusl)
658 4268 766 4337 suerit.
796 4267 1001 4352 Egressurus
1017 4262 1059 4331 <le
1076 4264 1148 4350 ipsa
1163 4265 1377 4350 paenitentia,
1393 4266 1510 4333 iterum

317 4378 424 4448 nudus
448 4388 481 4446 et
505 4378 716 4446 discalciatus
740 4374 851 4441 reniet
873 4372 907 4439 in
931 4369 1129 4457 capitulum,
1162 4377 1198 4437 nt
1227 4372 1320 4457 prius
1342 4372 1447 4439 venit:
1478 4380 1512 4439 et

411 4577 430 4644 ¹)
449 4576 566 4632 Rasum.

407 4667 430 4735 't
452 4664 558 4737 Regula
576 4663 603 4719 ἃ
623 4661 725 4719 Beued.
743 4676 768 4716 e.
781 4657 868 4724 XXV,
886 4672 924 4710 ss.
