3792 5375
785 425 1030 488 -lal-

315 618 420 683 aliae:
455 617 574 702 psalmi
596 616 637 684 de
661 616 819 702 apostolia
842 615 1077 700 decantentur,
1107 623 1142 683 et
1170 616 1316 703 quinque
1344 612 1504 680 oandelae
1574 679 1579 686 .

314 725 540 791 illuminentur
563 733 641 790 aute
664 723 779 806 altare,
804 731 892 789 retro
915 731 995 790 tres.
1040 722 1121 809 Ipso
1148 743 1291 809 namque
1319 720 1375 788 die
1403 719 1505 787 reiec-

315 831 392 898 torii
415 829 552 897 tabulae
574 830 804 915 cooperiantur
825 828 907 896 hora
931 827 1076 897 decreta.

408 935 445 1005 Si
468 939 574 1003 sancti
592 936 747 1003 Andreae
770 935 932 1004 festivitas
956 946 1033 1003 ante
1056 935 1235 1003 adrentum
1252 935 1408 1015 evenerit,
1430 934 1507 1000 aab·

316 1044 396 1111 bato
427 1051 496 1109 tuta
528 1064 660 1129 vespera
686 1042 728 1110 de
751 1051 866 1110 sancto
888 1042 916 1132 ][
939 1041 1078 1109 Andrea
1101 1041 1243 1124 dicatur,
1270 1049 1305 1110 et
1326 1049 1444 1128 postea
1466 1039 1509 1107 de
1623 1057 1658 1096 ··

317 1150 462 1218 aduentu
487 1149 610 1216 domini
633 1149 815 1235 antiphona
837 1157 1009 1235 promatur
1031 1171 1104 1216 curu
1128 1150 1250 1218 Gloria
1273 1152 1391 1231 Patri,
1422 1151 1509 1217 Ecce

318 1282 434 1327 norma
459 1261 605 1325 Domini.
1091 1335 1095 1342 ι

411 1364 476 1432 Per
511 1373 662 1431 octavam
691 1362 836 1450 ejusdem
866 1363 1008 1449 apostoli
1038 1362 1119 1430 mail
1149 1385 1191 1430 ex
1213 1364 1260 1450 fleo
1290 1362 1416 1449 agitur,
1450 1359 1509 1427 scd

318 1473 432 1539 omnia
455 1471 584 1541 feriato.

411 1576 615 1647 CXXXVI.
651 1577 693 1643 In
716 1586 835 1644 octava

320 1686 428 1753 sancti
457 1684 617 1751 Andreae
645 1684 688 1750 ad
719 1685 906 1752 vitatorium
937 1684 1003 1752 duo
1032 1686 1100 1752 siut
1128 1686 1163 1753 iu
1194 1683 1288 1752 albia.
1333 1681 1510 1750 Lectiones

320 1803 397 1860 octo
421 1791 573 1876 legantur
596 1814 636 1858 ex
658 1793 747 1878 ipso:
790 1796 896 1860 Tanto
926 1817 969 1862 uc
990 1797 1072 1862 talis
1092 1807 1144 1862 est
1162 1798 1354 1881 scrr'ptaroe
1375 1794 1511 1858 deviare

323 1903 564 1969 sublimamur
587 1899 808 1985 Responsoria
817 1898 1038 1967 decantentur
1048 1923 1090 1969 ex
1101 1900 1228 1982 ordine,
1239 1895 1511 1966 sicutiinsaatiri·

1547 1917 1578 1955 (ι,
1593 1914 1623 1955 I'·
1634 1912 1664 1953 L.
1676 1910 1760 1954 xcn'.

322 2015 394 2073 tato
425 2008 497 2092 ejus
528 2008 561 2072 iu
591 2009 758 2074 autentico
780 2015 954 2093 prenotate
981 2015 1076 2093 sunt,
1106 2017 1140 2076 et
1169 2009 1269 2074 missa
1300 2005 1450 2073 similiter
1478 2003 1513 2070 in
1540 1982 1764 2109 ’Ὦῖΐ
1848 2047 1849 2050 ,

322 2114 409 2181 libro
433 2123 723 2183 sacramentorum.
771 2113 827 2180 Ad
852 2135 1005 2201 resperas
1035 2114 1236 2201 antiphonae
1265 2122 1366 2201 atque
1395 2110 1515 2198 psalufi

323 2221 422 2288 sicuti
446 2242 547 2306 supra
569 2219 741 2290 habentur.

416 2326 452 2395 Si
487 2328 569 2395 haec
603 2349 743 2414 namque
777 2328 940 2396 festivitas
975 2337 1113 2397 octavae
1147 2330 1274 2397 venerit
1307 2331 1341 2397 in
1375 2328 1517 2397 nabata

326 2436 515 2520 dominique
539 2434 697 2517 aduentu,
728 2457 862 2521 respere
892 2435 1018 2503 iaciant
1047 2435 1089 2503 de
1119 2436 1282 2523 apostolo.
1327 2435 1516 2524 Capitulum

326 2544 378 2610 rel
402 2543 647 2628 responsorium
670 2549 771 2628 atque
793 2565 909 2628 ymnus
932 2542 975 2611 de
998 2543 1160 2624 adventu.
1189 2564 1320 2612 necnon
1341 2551 1376 2612 at
1396 2544 1517 2611 oratio·

1543 2128 1622 2170 ΧΧΙΙΙ
1641 2129 1665 2168 h
1680 2126 1767 2167 {nte
1848 2091 1849 2144 i

1543 2201 1569 2243 8.
1580 2199 1693 2241 andreae
1705 2199 1767 2250 Ap-

1628 2273 1692 2312 adt.

327 2672 402 2717 nem
426 2649 558 2732 dicaut3
581 2649 657 2716 dein
673 2650 889 2736 recapitulent
906 2651 1121 2737 antiphonam
1143 2651 1178 2718 in
1194 2650 1353 2719 honorent
1376 2648 1519 2738 apostoli
1591 2662 1597 2670 '

327 2779 403 2824 cum
427 2758 557 2826 Gloria.

364 3063 530 3155 Qualiter
558 3065 741 3162 agendum
770 3078 826 3140 est
854 3067 890 3141 iu
919 3068 1174 3144 anniversaria
1200 3067 1485 3145 consecrationis

830 3190 1023 3274 Basilicae.

422 3398 652 3468 CXXXVII.
685 3401 725 3468 Iu
750 3402 957 3470 dedicatione
987 3425 1131 3492 namque
1159 3405 1319 3473 haedina
1348 3412 1427 3472 anto
1455 3423 1524 3470 m

333 3530 431 3595 peras
461 3508 666 3575 coadornata
696 3509 761 3575 sint
783 3510 938 3577 universa
960 3513 1100 3598 altaria,
1129 3521 1164 3580 et
1186 3534 1248 3599 per
1268 3509 1524 3598 unumquodque

333 3616 482 3702 singulae
506 3616 665 3683 candelae
688 3623 894 3702 coaptentur.
941 3617 1001 3685 Aa
1029 3622 1186 3707 maiorem
1210 3642 1288 3687 vero
1314 3640 1409 3687 aram
1431 3617 1525 3704 quiu-

333 3725 455 3811 quein
480 3724 664 3803 anteriora,
695 3731 728 3790 et
755 3725 821 3790 tria
841 3726 1037 3810 posteriora,
1060 3734 1094 3792 et
1116 3733 1220 3793 testes
1242 3725 1404 3812 evangelii
1427 3745 1527 3811 super

334 3833 442 3916 ipsam
458 3850 561 3894 aram.
597 3827 798 3915 Capitulum,
831 3834 909 3900 lidi
922 3837 1090 3901 civitatem
1105 3848 1269 3901 sunctum.
1300 3831 1528 3919 Respoumria

335 3936 401 4003 duo
432 3958 473 4002 ex
502 3934 678 4019 iratribus,
710 3940 864 4005 Fraudata
890 3953 948 4007 est.
995 3938 1143 4024 Ymuus,
1178 3942 1267 4008 Urbs
1297 3943 1403 4008 brata.
1448 3936 1527 4005 Duo

335 4041 528 4109 sacerdotes
550 4044 665 4127 cuppis
731 4052 849 4111 omeut
870 4067 917 4129 se,
942 4054 978 4112 ut
1002 4045 1123 4113 altaria
1146 4046 1377 4128 aromatizent,
1400 4052 1470 4113 tam
1492 4045 1528 4111 iu

335 4150 400 4215 hac
421 4147 522 4228 hora,
553 4170 650 4233 quam
675 4042 945 4265 iiipatutinalcs
969 4152 1020 4221 rel
1043 4154 1281 4241 vespertinales
1304 4153 1528 4220 advenientes.

336 4253 505 4335 collecta,
536 4259 631 4323 Deus
653 4262 714 4342 qui
733 4275 874 4346 uesper
895 4263 1055 4345 singulos.
1103 4260 1159 4328 Ad
1190 4262 1367 4328 stationem
1394 4280 1529 4346 respon-

337 4361 479 4443 sorium,
521 4365 612 4429 Beue
645 4368 798 4448 siendum
837 4378 896 4432 est.
950 4366 1035 4433 'rum
1069 4367 1229 4436 sacerdos
1262 4366 1353 4434 dicat
1388 4387 1529 4447 versum,

339 4469 468 4534 Douros
498 4492 583 4539 orreo.
629 4474 793 4538 Douriuus
814 4475 992 4540 uobiscum.
1037 4472 1217 4542 Orationes
1244 4473 1420 4561 adipsum
1442 4471 1529 4539 diem

338 4573 553 4660 pertinentes.
589 4576 681 4643 Ante
704 4576 897 4644 nocturnale
919 4578 1113 4664 obsequium
1137 4581 1181 4648 sit
1201 4602 1262 4669 per
1276 4578 1531 4666 unumquodque

1383 4688 1423 4743 9.
