3792 5375
785 492 1026 556 -lll-

316 708 455 765 crucem,
479 694 659 752 conventus
674 685 816 752 frenum
838 685 873 751 iu
889 684 990 752 choro
1005 687 1198 752 consistant.
1228 684 1313 753 Post
1326 684 1502 753 collectam

316 792 358 859 de
381 794 505 858 sanctis
528 791 731 878 adjungatur
752 790 794 858 de
817 814 914 859 cruce
937 800 972 859 et
993 791 1079 858 ahoe
1101 791 1421 860 consuetudinariae.
1444 789 1503 859 Ad

317 900 449 965 tertiam
472 921 584 966 omnes
608 897 728 964 lratres
752 896 847 967 albis,
860 898 968 965 vestiti
991 899 1202 979 conveniant,
1232 907 1266 964 et
1288 895 1380 965 dicta
1401 899 1505 965 tertia

318 1006 506 1091 expandant
528 1007 654 1091 nrpetia
677 1014 754 1071 aute
777 1005 894 1087 altare,
925 1013 960 1072 et
981 1005 1182 1093 praecedant
1211 1004 1276 1073 duo
1298 1005 1420 1073 lavisse
1445 1004 1505 1073 nbi

316 1114 424 1199 posita
447 1112 546 1179 luerit
570 1121 685 1178 sancta
708 1134 807 1195 crux,
838 1121 872 1178 et
894 1110 1017 1178 ducant
1040 1134 1112 1178 eam
1140 1119 1218 1180 aute
1247 1111 1355 1179 altare
1384 1112 1505 1199 majus,

318 1220 595 1307 discooperientes
616 1227 650 1284 et
666 1219 908 1285 conclamantes
922 1217 1009 1286 hauc
1025 1218 1249 1305 antiphonam,
1271 1221 1358 1286 Eece
1373 1222 1506 1307 tegnam
1530 1269 1534 1275 ·

318 1333 438 1395 crucis.
468 1327 551 1394 Ilico
571 1326 704 1393 lleetam
720 1348 828 1411 genna
843 1348 969 1410 omines,
992 1334 1026 1393 et
1041 1327 1214 1393 conveniat
1225 1326 1249 1413 ][
1261 1347 1327 1392 una
1343 1348 1424 1413 pata
1439 1325 1505 1393 fra·
1626 1372 1632 1384 ·

318 1444 414 1517 nom,
440 1441 628 1520 prosternat
651 1455 697 1516 se,
722 1441 795 1500 oret
817 1433 976 1519 inprimis,
1000 1441 1033 1500 et
1056 1441 1134 1500 tune
1156 1432 1346 1500 osculentur
1361 1454 1506 1515 emnem,

258 1563 261 1571 ·
318 1551 352 1608 et
373 1542 595 1627 philacterias.
643 1539 770 1608 Cantor
793 1540 927 1606 inchoet
949 1540 1180 1627 antiphonam,
1210 1547 1245 1606 et
1273 1546 1430 1627 repetant
1457 1540 1507 1607 in·

319 1650 425 1730 terim,
451 1651 587 1716 Crucem
612 1664 703 1717 aeaut
725 1653 908 1716 adoramus
933 1650 1082 1716 lloueinr.
1128 1645 1299 1728 Psalmns,
1326 1645 1423 1715 Deus
1446 1652 1508 1715 tui
1556 1720 1569 1733 ἱ

318 1768 470 1823 serentur
492 1757 593 1824 nobis.
632 1750 730 1842 Quod
753 1777 812 1841 per
834 1776 947 1821 omnes
971 1777 1082 1821 sersus
1104 1753 1319 1841 antiphonam
1341 1761 1508 1841 repetant,

319 1862 378 1930 sed
401 1870 435 1929 et
456 1863 589 1929 interim
613 1861 698 1928 aliae
721 1861 875 1928 dicantur
897 1861 1107 1947 antiphonae,
1132 1862 1274 1930 OCrar
1288 1864 1507 1948 spondetur,

322 1972 352 2038 0
377 1972 471 2037 Crux
495 1972 604 2036 ut'rt'de
627 1971 769 2056 liguum.
801 1969 985 2056 Postquam
1007 1968 1148 2035 adonta
1169 1967 1269 2036 fuerit
1284 1990 1368 2036 crux
1382 1967 1508 2036 lento

319 2099 382 2162 que
406 2085 484 2142 ante
508 2097 614 2157 aram,
645 2075 893 2161 Paraphouista
922 2077 1098 2162 statimque
1128 2097 1202 2143 cum
1231 2075 1338 2143 clerus
1367 2076 1510 2163 inponat

318 2185 405 2251 hanc
428 2183 659 2269 antiphonam,
692 2186 802 2269 Super
823 2187 934 2250 orrrrua
959 2187 1055 2268 ligna
1079 2188 1253 2251 cedrorum
1262 2182 1288 2269 ¹)
1317 2189 1352 2249 et
1380 2190 1511 2270 ponant

319 2312 449 2357 crucem
472 2292 505 2355 in
528 2297 608 2375 apto
631 2289 721 2357 loco:
752 2299 822 2356 tum
852 2289 974 2357 deutur
1001 2290 1046 2356 ad
1076 2311 1338 2377 unumquemque
1366 2290 1510 2358 fram

320 2418 463 2485 cappae,
498 2396 542 2463 ad
576 2397 720 2464 inlantee
754 2398 885 2464 tunicae
895 2397 931 2484 ¹).
978 2397 1020 2464 In
1052 2397 1158 2465 altare
1193 2397 1336 2482 majores
1369 2395 1511 2483 pallium

320 2512 476 2590 coaptent
498 2512 532 2571 et
555 2504 682 2588 albam,
714 2512 841 2590 septem
862 2503 1022 2572 candelae
1045 2527 1119 2572 enm
1147 2506 1213 2588 eis,
1241 2526 1326 2593 quas
1354 2502 1511 2571 deleam

321 2612 479 2693 conversi,
502 2610 614 2678 adsint
628 2610 672 2678 ad
687 2612 832 2681 missam.
871 2611 1002 2679 Dehine
1022 2611 1152 2700 pulsent
1174 2612 1268 2700 signa
1290 2618 1326 2679 et
1346 2610 1512 2699 incipiant

321 2721 471 2800 officium,
495 2724 535 2786 la
558 2723 686 2787 nostine
706 2723 847 2787 Domini
867 2744 962 2788 artene
970 2722 1238 2811 genuflectatur,
1262 2728 1298 2788 et
1312 2742 1372 2788 sex
1385 2719 1510 2787 stabat

321 2836 457 2895 teneant
478 2827 513 2894 in
536 2826 647 2894 chero.
694 2825 860 2912 calleas,
884 2830 994 2911 Deus,
1022 2831 1084 2913 qui
1101 2829 1298 2912 lantkern'ta'.
1343 2824 1510 2913 Epistola,

324 2938 476 3004 Christus
502 2939 624 3021 sactus
656 2950 707 3002 est
733 2948 802 3021 pro
835 2937 927 3004 nobis
964 2935 1182 3004 eboracenae)
1237 2933 1510 3022 Raponwrium,
1538 2948 1757 3002 (onmium

325 3047 477 3111 Christus
488 3046 609 3128 sactus
623 3054 681 3109 est.
713 3044 878 3124 Alleluia,
902 3044 1006 3108 Tuaen
1023 3065 1151 3109 crucem
1167 3043 1352 3109 adoramus
1366 3043 1509 3124 uimine,

322 3159 356 3217 et
384 3157 454 3216 tres
484 3148 671 3216 decantent
725 3146 958 3231 Evangelium,
987 3151 1086 3215 ll'teac
1102 3150 1274 3236 Jiedt'ct'atut
1304 3159 1355 3215 est
1382 3149 1510 3227 nundi,

322 3278 435 3341 usqne,
465 3259 508 3325 Ut
520 3257 597 3343 filii
610 3260 696 3322 lucis
716 3254 842 3324 sitisti)
864 3250 1056 3334 offerenda,
1071 3257 1217 3342 Protege
1230 3257 1383 3322 Dorntite.
1410 3251 1511 3322 com·
1552 3272 1582 3314 a)
1601 3270 1673 3312 ³0⁸·-
1689 3271 1744 3321 1¹¹.

322 3364 444 3443 munio,
472 3365 566 3430 Crux
578 3365 659 3450 jesu
684 3363 812 3429 curisti.
858 3359 901 3427 In
930 3360 1019 3427 horis
1049 3361 1195 3448 capitula
1223 3368 1324 3447 atque
1345 3360 1510 3446 reticuli,
1602 3342 1695 3384 ⁸¹⁴

322 3491 450 3537 necnon
472 3477 507 3536 et
529 3468 689 3536 collectae
713 3468 798 3535 tales
821 3468 988 3550 dicantur,
1011 3490 1097 3555 quae
1119 3470 1317 3535 conveniant
1337 3467 1382 3535 ad
1402 3469 1512 3555 ipsum

323 3579 419 3646 diem.
465 3576 523 3643 Ad
547 3597 718 3661 vesperam
741 3576 885 3661 quinque
907 3575 993 3642 cerei
1016 3575 1241 3642 illuminantur
1261 3582 1297 3642 et
1318 3573 1408 3643 hanc
1424 3575 1511 3643 anti·

322 3686 468 3771 phouam
489 3682 682 3770 persolvant
704 3704 778 3749 cum
803 3682 947 3769 psalmos
966 3681 1113 3765 totidem,
1138 3686 1332 3749 rlhsaatem
1342 3686 1510 3770 gloriari.

324 3795 427 3860 Dixit
449 3794 623 3859 Dorulaus.
673 3794 834 3857 Salvator
856 3792 983 3857 retundi.
1031 3791 1221 3877 confitebor.
1267 3793 1463 3857 Admotus
1480 3804 1513 3858 te

324 3902 456 3967 ctrisee.
503 3903 627 3967 Beatus
645 3903 714 3966 vir.
754 3900 861 3965 Salva
884 3920 953 3964 nos.
990 3899 1143 3964 Laudate
1158 3900 1271 3983 paeri.
1309 3893 1512 3982 Capitulum,

326 4008 478 4074 Cleristus
495 4012 625 4091 factrrs.
658 4004 800 4086 Ymnns,
827 4006 956 4071 Vexilla
971 4004 1077 4088 Regis
1092 4007 1267 4089 prodeunt.
1303 4002 1512 4090 Antiphone,

327 4114 357 4182 0
381 4116 475 4183 Crux
496 4115 703 4198 splendidior
726 4113 862 4179 cerrectis.
907 4108 1123 4176 Postmodum
1153 4107 1266 4176 dicant
1296 4109 1513 4196 autiphonam

326 4220 367 4287 de
389 4220 513 4285 sanctis
536 4216 828 4303 praecedentibus,
858 4223 893 4282 et
920 4216 1202 4303 subsequentibus.
1249 4216 1296 4283 Et
1325 4217 1354 4283 si
1383 4217 1419 4283 in
1448 4215 1513 4283 hac

325 4326 504 4393 festivitate
528 4325 673 4390 creuerit
696 4324 766 4389 dies
790 4322 982 4407 dominicus,
1005 4324 1115 4390 omnia
1138 4323 1280 4390 efficiant
1302 4323 1401 4390 sicuti
1415 4344 1513 4410 prae·

325 4432 489 4515 signatum
511 4429 669 4497 habemus
693 4431 795 4496 enam
818 4429 968 4496 similiter
990 4430 1147 4516 prostrati
1171 4429 1310 4497 adorent
1324 4451 1467 4500 crucem.

369 4588 373 4589 f
417 4586 572 4734 Μ
