3792 5375
766 544 991 607 „57-

286 736 415 803 Deinde
439 737 587 822 sequitur
609 736 694 803 lianc
717 735 946 821 psalmodiam,
971 740 1066 805 Deus
1080 741 1221 806 auribus
1244 733 1378 818 nostris,
1403 754 1476 799 cum

287 844 468 930 quindecim
500 842 634 929 psalmis
664 866 724 930 pro
757 844 900 910 omnium
931 842 1201 912 tribulationibus
1230 845 1298 914 sire
1328 860 1476 912 renume-

287 950 466 1016 rationibus
489 949 744 1028 lunetactornm,
769 971 899 1017 necnon
923 959 957 1016 et
982 972 1043 1036 pro
1067 951 1298 1018 detunctorum
1330 947 1474 1035 requiae.

286 1058 438 1143 Quinque
459 1079 599 1142 namque
618 1058 763 1143 psalmos
783 1080 844 1142 pro
857 1056 1034 1138 (defunctis,
1055 1056 1175 1125 deinde
1188 1066 1314 1146 septem
1329 1053 1477 1146 pszrlmos

286 1176 318 1230 et
349 1163 538 1232 laetaniam.
590 1163 727 1229 Missam
764 1164 995 1231 matutinalem
1028 1163 1159 1232 dicatur
1193 1167 1297 1251 ipsius
1331 1161 1415 1242 diei,
1442 1168 1475 1226 et

285 1272 452 1350 collectae,
488 1293 548 1355 per
582 1272 691 1336 ‹rinnia
724 1280 761 1337 nt
794 1272 867 1337 aliis
903 1271 1037 1353 ‹tiebua3
1073 1281 1104 1339 et
1134 1274 1163 1338 si
1193 1273 1314 1358 aliqrrin
1340 1277 1477 1338 sauctus

286 1378 381 1444 suerit
414 1380 484 1463 ipso
509 1376 579 1459 die,
610 1378 740 1445 dicatur
763 1380 871 1445 oratio
897 1378 940 1444 ad
966 1379 1052 1445 tuane
1076 1401 1225 1462 sacram,
1256 1379 1476 1464 adjungentes

288 1490 485 1552 „maurorum
519 1498 665 1568 tutorum,
700 1493 734 1550 et
764 1487 897 1551 missam
933 1496 1106 1572 premuntur
1139 1486 1184 1554 ad
1219 1489 1326 1573 nrajus
1356 1484 1476 1551 altare.

285 1591 495 1658 Ott’erendam
527 1592 635 1658 curmti
663 1591 807 1676 faciant,
837 1592 960 1660 Pacem
992 1616 1077 1660 uuus
1106 1593 1262 1681 accipiat.
1308 1593 1365 1662 Ad
1389 1591 1476 1676 capi·

285 1699 388 1765 tutum
418 1721 483 1765 nou
517 1706 566 1765 est
601 1698 773 1779 dicendus,
809 1701 893 1767 sicut
930 1701 1006 1766 aliis
1039 1702 1178 1787 privatis
1205 1700 1321 1768 diebus
1352 1719 1475 1777 uersus,

288 1813 378 1873 ltrus
394 1809 428 1872 iu
451 1808 651 1893 adjutorium
664 1832 770 1875 urrerem
786 1809 925 1888 intende,
950 1828 1012 1873 nec
1027 1807 1226 1894 loquendum
1242 1816 1295 1877 est
1316 1810 1389 1876 istis
1414 1805 1475 1872 tri·

285 1914 345 1979 tuns
370 1913 484 1979 «uuus
509 1913 541 1978 iu
566 1912 720 1983 elaustro.
740 1914 767 2002 ][
785 1914 854 1981 Per
870 1914 980 1992 lauras,
1005 1914 1163 1983 lectiones
1186 1925 1220 1984 et
1244 1917 1413 1984 orationes
1435 1934 1476 1980 ex

285 2020 405 2086 domini
429 2022 678 2087 resurrectione.
724 2020 806 2087 Post
831 2029 960 2087 sextum
984 2031 1063 2089 eant
1090 2023 1124 2089 in
1149 2023 1393 2105 dormitorium,
1417 2029 1476 2087 aut

285 2126 452 2213 paululum
478 2128 700 2214 requiescant,
731 2128 780 2193 rel
811 2129 844 2194 in
873 2128 1025 2214 lectulis,
1057 2131 1115 2216 crui
1139 2131 1318 2212 voluerint,
1351 2131 1474 2214 legant,

284 2235 387 2302 ‹tonec
412 2236 538 2319 signum
555 2234 709 2302 erudiant:
734 2259 799 2320 qno
816 2235 932 2302 audito
948 2235 1135 2304 discalciati
1150 2239 1294 2323 veniant,
1315 2247 1349 2305 et
1364 2238 1476 2306 laceat

284 2364 399 2408 uuums
422 2363 462 2407 ac
482 2341 594 2409 tacies.
631 2340 813 2410 Venientes
832 2344 866 2408 iu
884 2343 1058 2410 ecclesiam
1082 2343 1173 2411 sacta
1195 2347 1346 2414 oratione
1361 2346 1475 2412 dicant

283 2450 374 2535 pueri
399 2448 627 2533 antiphonam,
657 2453 799 2537 Exurge
821 2453 962 2518 dourriue.
1009 2448 1104 2517 Tunc
1127 2454 1324 2520 secretarius
1346 2450 1398 2521 rel
1422 2470 1475 2516 ar·

284 2556 406 2621 marius
430 2554 555 2620 tribnat
584 2554 761 2623 filacterias
785 2578 859 2623 curm
891 2556 1040 2644 reliquiis
1071 2581 1132 2644 per
1154 2560 1317 2647 singulos,
1340 2566 1476 2647 praeter

284 2685 401 2747 pueros
413 2662 460 2728 uel
474 2662 558 2745 illos,
569 2664 623 2747 qiu
641 2662 766 2751 aliquid
783 2665 990 2750 contagionis
1003 2664 1211 2734 admiserunt
1223 2668 1332 2737 noctis
1343 2685 1473 2756 sopore

285 2771 362 2837 Post
386 2770 599 2858 antiphonam
623 2773 740 2837 iterum
765 2773 822 2837 tiat
847 2772 963 2852 oratio,
989 2780 1022 2838 et
1045 2771 1177 2839 dicatur
1198 2775 1356 2860 psalmus,
1378 2777 1475 2844 Deus
1538 2834 1550 2844 ..

283 2884 482 2946 arrisercutur
516 2884 631 2947 trostri.
675 2878 879 2973 Capitulum,
913 2881 957 2946 lit
991 2884 1107 2948 sterria!
1133 2894 1235 2968 super
1257 2907 1315 2951 nos
1343 2884 1474 2950 misert-

283 2990 398 3054 cordia
421 2999 478 3053 tua
502 2988 640 3053 ‹taruiua
670 2985 831 3063 Colleeta,
856 2986 1055 3071 orlamund)
1068 2991 1228 3068 farrrr‘liae
1242 3002 1320 3058 tuae
1333 2990 1473 3057 domae.

284 3093 415 3159 Debent
431 3095 476 3158 ita
499 3091 677 3177 procedere
693 3092 866 3159 ordinatae
879 3091 925 3158 illi
943 3093 1064 3179 quibus
1080 3095 1322 3180 processionem
1346 3095 1473 3163 terunt:

283 3198 395 3265 tantuli
426 3200 458 3264 io
492 3199 605 3285 primis
640 3198 760 3283 debent
796 3210 931 3283 portare
968 3198 1117 3267 fanones.
1166 3201 1262 3270 Unus
1297 3221 1473 3270 conversus

283 3328 424 3386 crucem,
450 3304 535 3370 alius
557 3326 677 3390 aquuaur
702 3305 920 3372 benedictam.
969 3305 1201 3374 Subdiacouus
1224 3316 1351 3376 textum
1374 3326 1473 3376 eran·

281 3412 355 3498 getii
380 3417 476 3477 etex
500 3434 565 3477 uino
583 3412 686 3479 latere
710 3412 947 3481 candelabrum
972 3421 1006 3480 et
1030 3435 1069 3479 ex
1093 3414 1160 3479 alio
1181 3414 1360 3483 turibulum
1382 3422 1471 3483 eant

282 3518 366 3585 Cum
395 3518 483 3584 exire
512 3519 675 3604 ceperint,
708 3529 868 3585 sonentur
902 3520 1013 3585 omnia
1041 3521 1148 3605 signu,
1172 3530 1206 3588 et
1235 3521 1368 3590 dicatu
1389 3521 1473 3590 auti·

281 3626 401 3710 pliona,
427 3628 480 3691 De
494 3628 706 3695 hierusalem.
736 3626 818 3692 Post
843 3636 970 3692 textum
986 3627 1145 3712 euangelii
1161 3637 1293 3713 exeant,
1316 3631 1373 3717 qui
1396 3649 1472 3695 caa-

283 3741 352 3798 tare
376 3732 540 3815 nesciunt,
571 3731 690 3799 deinde
721 3734 812 3799 scola
836 3756 911 3800 cnm
935 3733 1118 3818 nragistris3
1149 3734 1393 3822 subsequantur
1415 3755 1472 3801 eos

281 3847 443 3921 cantores,
461 3840 525 3907 duo
538 3847 571 3905 et
594 3839 659 3905 duo
679 3840 902 3925 perordinem
918 3839 1119 3925 gradientes,
1144 3840 1333 3911 adunentur
1347 3862 1472 3923 omnes,

281 3953 318 4012 nt
342 3969 443 4034 usqne
467 3946 509 4013 ad
533 3948 724 4029 oratorium,
749 3970 814 4033 qum
830 3946 1051 4013 caelebratun‘
1075 3954 1153 4014 sunt
1167 3949 1313 4032 missam,
1336 3956 1473 4017 cautent

281 4054 507 4140 antiphonam.
553 4054 776 4138 Exeuntibus,
807 4053 924 4120 famuli
947 4053 1095 4120 habeant
1121 4061 1199 4122 aute
1222 4056 1361 4141 januam
1382 4055 1471 4135 atrii,

280 4182 366 4226 uum
388 4159 475 4245 hinc,
499 4160 584 4227 alius
606 4161 682 4227 iude
709 4168 928 4247 praeparatas
955 4162 1075 4245 virgas,
1100 4182 1183 4247 (ruas
1207 4161 1356 4230 trssmaat
1370 4161 1473 4231 omni·

280 4267 342 4333 bus
366 4267 464 4333 etiam
488 4267 668 4334 infantibus
699 4268 733 4333 in
757 4267 866 4334 eundo
896 4276 929 4333 et
954 4267 988 4333 iu
1011 4266 1195 4334 redeundo:
1219 4268 1253 4334 in
1276 4268 1471 4337 aecclesiam

281 4373 490 4457 intrantibus,
514 4376 576 4462 ipsi
592 4381 780 4461 procurent,
804 4375 859 4460 qui
876 4373 1050 4458 dederunt,
1072 4375 1335 4462 reciperentque
1360 4383 1470 4444 custo·

280 4478 361 4546 dire.
413 4481 630 4550 Venientibus
653 4481 795 4567 denique
830 4503 890 4568 per
919 4480 1081 4564 ordinem,
1114 4483 1197 4549 sicut
1227 4483 1384 4550 insertum
1419 4490 1470 4549 est

371 4711 392 4780 ¹)
412 4713 444 4768 In
462 4717 554 4768 textu:
573 4712 675 4770 Mente.

1222 4750 1360 4857 ,5.
