3792 5375
820 523 1041 585 ..35-

339 718 435 784 debet
460 714 621 780 anuarius
644 712 744 778 libros
767 712 889 779 halrere
912 736 1010 799 super
1032 723 1178 800 tapetum
1201 714 1341 801 positos.
1381 711 1428 777 Et
1451 720 1526 796 post

339 826 511 891 lectioueui
536 830 568 886 et
593 842 774 885 amionem
799 818 920 886 iactum
944 823 1104 887 recitatur
1132 821 1241 888 brevis
1271 817 1418 907 qualiter
1439 840 1526 884 anno

340 930 517 1017 praeterito
551 928 655 993 lituos
687 926 863 992 habuerint
897 927 1033 1007 iratres,
1072 937 1105 993 et
1139 951 1213 995 enm
1248 924 1394 995 audierit
1426 946 1526 991 unus·

339 1041 477 1123 quisquo
501 1057 619 1101 nomen
643 1056 735 1098 suum
760 1035 963 1118 pronuntiari
986 1035 1103 1101 librum
1126 1035 1265 1117 reddat,
1286 1045 1323 1102 et
1342 1034 1449 1099 aliem
1471 1055 1527 1097 ac·

339 1151 450 1232 capiat.
502 1144 548 1208 E!
567 1143 601 1207 si
620 1154 670 1207 cst
691 1142 849 1226 uliqm's¹)
879 1143 933 1224 qni
964 1164 1056 1206 suurn
1086 1141 1204 1208 librum
1227 1138 1319 1229 qnod
1352 1146 1527 1224 acceperat

339 1252 520 1338 perlectam
543 1274 605 1315 nau
628 1246 819 1330 habuerit')
849 1246 1104 1315 satisfactionem
1132 1248 1259 1334 absque
1288 1266 1384 1314 mora
1413 1247 1526 1313 saciat.

340 1361 421 1425 Post
444 1355 626 1442 capitulum
649 1375 715 1420 nou
744 1352 921 1437 loquantur
944 1354 977 1419 in
1004 1354 1147 1421 claustro
1177 1352 1344 1435 secuto,
1368 1352 1471 1419 11111·
1492 1362 1525 1419 et

339 1476 432 1531 sexta
469 1463 567 1544 soria3
603 1460 709 1525 tribus
737 1459 810 1525 aliis
839 1460 954 1526 diebus
977 1461 1092 1527 tabula
1114 1472 1251 1529 sonetur
1278 1468 1314 1528 et
1337 1459 1525 1546 loquantur.

339 1575 427 1641 Natu
453 1591 587 1654 uespera
613 1566 733 1632 cotidie
756 1566 816 1632 lios
833 1567 975 1651 psalmos
989 1571 1145 1654 prostrati
1162 1568 1319 1638 studeant
1335 1565 1526 1651 damna,

341 1683 407 1760 Qui
443 1679 616 1765 rotrfiduut.
680 1677 719 1741 lu
758 1679 980 1743 convertendo.
1041 1679 1095 1743 De
1125 1677 1320 1764 predandi«.
1383 1677 1527 1742 Domine

338 1789 465 1855 exaudi
485 1784 533 1850 IL
580 1781 769 1867 Capitulum
793 1784 839 1848 Et
859 1786 980 1863 veniat,
1003 1784 1184 1850 orationem
1206 1780 1340 1870 qualern
1365 1781 1442 1848 relit
1466 1803 1527 1868 pro
1584 1820 1595 1830 ·

339 1894 483 1981 peccatis
507 1890 722 1974 adjungentes
746 1912 874 1973 semper
896 1898 929 1954 et
952 1889 997 1955 ad
1019 1889 1180 1958 beneficis
1197 1887 1399 1959 muenia

429 1997 561 2065 XLIV.
592 1996 663 2062 lllis
686 1993 801 2060 diebus
824 1995 940 2080 quibus
963 1998 1242 2088 proeessiouem')

339 2110 457 2194 agitur,
481 2105 637 2171 continuo
661 2111 697 2168 ut
719 2102 847 2186 siguum
863 2102 964 2168 lrorae
979 2126 1084 2170 nonae
1098 2105 1264 2173 audierint
1278 2102 1315 2173 in
1330 2103 1525 2170 aecclesiam

339 2223 416 2282 eant
439 2221 539 2297 atque
561 2211 743 2275 orationem
767 2211 981 2276 communiter
1013 2210 1146 2281 tucisnt.
1191 2211 1349 2300 Denique
1371 2210 1526 2278 sucerdos

338 2331 371 2387 et
395 2322 451 2385 alii
474 2318 614 2385 ministri
644 2326 784 2402 pergant
818 2319 997 2384 sacrarium
1031 2328 1065 2385 et
1098 2319 1248 2387 inalbent
1282 2339 1320 2386 se
1355 2323 1457 2402 atque
1491 2318 1525 2385 in

337 2427 438 2496 choro
472 2425 610 2491 redeant
651 2432 683 2489 et
726 2425 892 2489 servitutis
925 2447 1061 2510 pensum
1099 2427 1303 2512 persolvant.
1359 2422 1526 2492 Ssoerdos

338 2534 457 2601 stolam
480 2531 613 2611 babeat,
637 2539 671 2597 et
694 2551 869 2597 conversus
891 2532 926 2596 iu
948 2532 1063 2599 ultimo
1086 2542 1146 2603 est
1197 2532 1257 2601 Ad
1278 2530 1430 2622 palmo·
1450 2554 1526 2619 pro-

339 2649 464 2707 stratus
487 2636 643 2705 sacenlos
667 2658 765 2722 super
789 2637 925 2705 sormam
941 2640 1098 2726 majorem
1114 2648 1250 2709 inanest
1264 2660 1342 2709 m
1357 2637 1525 2707 ministris

338 2749 424 2814 Dein
448 2769 530 2833 puer
552 2745 730 2811 laetaniam
753 2745 897 2830 incipiat
932 2745 997 2813 Illo
1020 2770 1149 2834 quoqne
1174 2750 1349 2838 Propitius
1361 2760 1429 2815 esto
1450 2769 1526 2834 pro·

338 2863 448 2924 rutente
458 2853 679 2938 egrediantur,
691 2852 747 2937 qui
757 2853 1061 2921 saciutacustodire
1072 2855 1205 2923 debent.
1226 2853 1376 2943 Expleta
1386 2854 1526 2921 sinaxin

340 2964 483 3049 vesperis
513 2962 640 3045 signum
670 2958 820 3044 pulsetur
847 2966 880 3025 et
910 2982 994 3045 quae
1025 2962 1124 3029 moris
1145 2970 1224 3030 sunt
1245 2968 1526 3031 comminentur.

339 3071 465 3157 Quinta
488 3069 570 3135 seria
586 3073 658 3132 tota
673 3064 935 3152 Quadragesima
956 3068 990 3133 in
1014 3068 1187 3137 refectorio
1209 3069 1360 3137 babeant
1381 3069 1527 3137 seniores

338 3178 389 3244 vel
413 3177 534 3242 iratres
557 3174 646 3238 trina
668 3172 837 3258 pulmenta
858 3183 1059 3259 praeparata
1080 3176 1294 3245 aoellsrsrio
1314 3175 1386 3244 sire
1408 3175 1452 3242 sb
1471 3175 1526 3243 eb-

338 3282 540 3351 doinadaiiis
555 3288 589 3346 et
613 3281 704 3366 potio
726 3280 917 3366 propinetur
940 3281 1064 3367 absque
1088 3285 1197 3350 sonitu
1219 3281 1363 3370 squillae
1385 3291 1421 3349 et
1439 3281 1528 3348 omni

339 3392 393 3457 die
416 3387 578 3455 dominico
601 3388 652 3452 vel
677 3385 841 3471 aliquibus
857 3390 991 3471 sanctis,
1015 3389 1147 3474 quando
1170 3389 1348 3459 duodecin
1369 3387 1528 3456 lectiones

340 3495 541 3574 caelebrant,
565 3492 746 3577 eademque
770 3494 912 3561 efficiant
935 3495 1168 3583 praeterquod
1186 3497 1363 3564 caritatem
1377 3493 1439 3563 list
1453 3517 1528 3563 cnm

340 3605 446 3668 souitu
471 3600 621 3685 squillae.
636 3600 666 3688 ][
689 3599 805 3667 Tertia
828 3602 911 3668 ieris
933 3610 966 3667 et
990 3602 1130 3670 sabbato
1153 3605 1219 3671 tria
1240 3611 1336 3672 ootts
1358 3601 1528 3690 pulmenta

240 3738 244 3744 ·
339 3716 558 3796 apponantur.
583 3706 747 3790 Secunda,
761 3707 863 3774 11111·
880 3715 914 3774 et
923 3708 999 3774 v1u
1016 3710 1100 3776 seria
1114 3708 1421 3778 duotautnnodo
1432 3730 1528 3798 praa·

339 3820 459 3899 pauata
482 3820 568 3883 sunt.
616 3813 681 3900 Qui
705 3814 773 3879 vult
797 3814 982 3898 comedere,
1006 3817 1172 3903 comedat3
1210 3820 1372 3904 quivero
1393 3838 1461 3883 nou
1484 3816 1529 3884 ad

340 3942 433 3987 usum
449 3921 613 4005 hospitum
639 3919 846 4006 deputentur.
884 3923 930 3988 Et
953 3931 1064 3990 tamen
1087 3924 1209 3991 herbae
1231 3924 1307 3991 istis
1326 3922 1437 3991 tribus
1459 3922 1528 3991 die·

339 4025 401 4091 bus
421 4024 587 4092 addentur
609 4027 783 4092 cellarario
806 4028 962 4096 iratribus
984 4030 1190 4114 generaliter.
1237 4031 1306 4119 Qui
1327 4028 1418 4110 retis,
1441 4029 1528 4097 edat.

339 4133 426 4199 Sunt
447 4141 557 4199 autern
581 4132 669 4218 apud
693 4156 753 4199 nos
777 4156 836 4219 per
857 4142 962 4201 totuui
978 4157 1098 4205 annum
1114 4138 1337 4226 quadraginta
1351 4142 1388 4203 et
1402 4143 1529 4223 septem

338 4240 438 4325 plena
460 4239 568 4305 officia
590 4239 678 4326 quod
703 4249 927 4308 antecessores
951 4246 1069 4329 nostri,
1092 4267 1150 4311 seu
1172 4246 1236 4313 iste
1258 4245 1402 4313 &muns
1423 4242 1529 4311 abbas

431 4418 452 4485 ¹)
471 4416 507 4472 Bt
521 4431 601 4487 quern
614 4416 669 4472 dio
681 4434 753 4473 auno
766 4417 909 4488 legendum
922 4429 1073 4491 acceperat.
1092 4423 1208 4479 Busan.
1230 4423 1273 4481 De
1283 4421 1338 4482 bo
1348 4418 1407 4478 ritu
1425 4422 1528 4479 videsis

339 4506 413 4561 inira
430 4506 477 4561 lib.
497 4506 535 4561 Π.
571 4507 613 4562 De
632 4505 715 4562 breve
733 4505 871 4574 librorum,
889 4510 960 4579 qnod
978 4510 1011 4565 tt
1029 4511 1058 4567 in
1075 4517 1158 4581 eaput
1176 4509 1398 4584 quadrag*

428 4593 452 4660 'l
471 4595 626 4650 Perteetnn
644 4615 695 4648 non
713 4594 847 4664 tabuerit,
865 4596 979 4654 Ilum

429 4682 587 4752 uum
1382 4775 1401 4834 ⁸
