3792 5375
803 573 1050 635 -165-

333 763 396 850 ipsi
420 764 570 830 versiculi
599 763 732 830 finiendi
756 770 850 846 sunt,
883 763 992 830 veniat
1015 784 1191 831 conversus
1213 786 1288 830 eam
1311 761 1456 832 turibulo
1478 763 1523 831 ad

334 878 521 950 cautorem,
553 880 585 937 et
616 879 694 938 tuuc
724 871 795 954 ipsa
818 871 948 937 delerat
971 869 1105 953 abbati3
1135 872 1164 938 si
1186 892 1253 939 non
1277 869 1391 954 adast,
1420 868 1523 937 fwist

333 977 413 1060 ipse.
468 976 554 1044 Tota
587 977 842 1064 quadragesima
875 976 996 1044 «labent
1029 978 1151 1046 cotidie
1185 999 1299 1044 omnes
1334 975 1522 1044 decantare.

334 1082 552 1149 l'aschalibus
575 1084 731 1170 deinceps
754 1082 881 1155 diebus.
911 1093 945 1150 et
969 1085 1033 1151 illis
1057 1086 1161 1170 lestis,
1184 1104 1271 1171 quas
1294 1083 1396 1151 semel
1417 1083 1522 1151 oseis·

335 1188 434 1273 brant
463 1191 497 1256 in
528 1212 632 1275 anno,
670 1189 819 1257 similitor
850 1190 1030 1258 Dominicis
1072 1190 1188 1258 diebus
1219 1198 1256 1258 ut
1285 1191 1436 1259 venenat
1464 1212 1524 1276 per

335 1306 438 1363 totam
462 1298 678 1382 septimanam
703 1320 801 1364 animi
827 1305 953 1364 tantum
979 1297 1167 1369 decantare.
1214 1297 1268 1364 De
1291 1295 1524 1365 festivitatibus

335 1414 534 1488 sauctorum,
559 1428 642 1491 ‹pms
665 1404 845 1485 celebrant,
870 1427 969 1471 unum
994 1404 1044 1471 rel
1068 1405 1133 1473 duo
1157 1425 1308 1494 promere
1332 1403 1441 1474 debet.

376 1602 432 1678 De
460 1605 585 1702 pueris
614 1604 836 1703 coquinariis
866 1604 1022 1704 qualiter
1051 1616 1163 1704 agant
1191 1629 1274 1679 oum
1304 1603 1487 1684 ministris

424 1778 567 1847 xxt'l.
604 1780 705 1848 Pueri
728 1779 785 1865 qui

335 1886 515 1970 coquinarii
539 1896 626 1967 sunt,
650 1887 759 1953 omnia
783 1886 908 1953 iaciant
929 1887 964 1953 in
987 1888 1139 1974 asquina,
1162 1908 1249 1973 quae
1270 1885 1343 1953 lieri
1363 1883 1526 1953 debentur

335 2012 356 2056 a
386 1993 640 2079 septimanariis.
687 1994 800 2061 Etiam
824 1994 858 2060 iu
882 1992 1024 2061 sabbato
1045 1993 1168 2078 lavent,
1198 2001 1234 2061 et
1262 2000 1395 2079 amant
1425 1990 1526 2079 pedes

336 2098 475 2166 fratrum
500 2122 572 2167 cunr
596 2101 718 2168 talibus
742 2100 940 2186 senioribus,
970 2103 1027 2189 qui
1051 2122 1108 2169 eos
1130 2099 1331 2186 ennodius,
1361 2121 1429 2168 aon
1450 2120 1525 2165 enm

335 2206 515 2289 juvenibus.
569 2206 711 2274 Tantum
748 2216 860 2274 autem
889 2229 956 2275 uon
991 2207 1232 2276 sirinistrabitnr
1263 2207 1308 2275 ad
1339 2205 1524 2293 parandium,

142 2278 155 2292 l
209 2389 212 2393 ἵ
336 2335 396 2379 neo
420 2315 463 2380 ad
487 2336 630 2381 mensam
656 2316 819 2399 serriuut3
843 2313 902 2382 sed
924 2315 967 2384 de
989 2315 1064 2383 aliis
1086 2314 1255 2398 iratribus,
1271 2336 1354 2401 quos
1369 2313 1526 2400 munst«

335 2422 509 2503 rogaverit.
555 2421 641 2490 Cum
674 2422 814 2489 viderint
844 2423 965 2490 iratres
995 2424 1228 2510 coquinatores
1256 2443 1340 2507 opus
1369 2441 1459 2503 esse,
1488 2428 1527 2515 at
1579 2439 1583 2445 ·

336 2524 517 2594 bulliantur
543 2529 712 2596 scutellule
729 2539 865 2615 propter
880 2530 1021 2616 adipem,
1046 2530 1124 2598 dent
1141 2552 1200 2598 eas
1215 2527 1390 2596 cellarario
1405 2527 1525 2595 fratroe

336 2642 456 2720 quarta
468 2634 558 2719 seria,
573 2637 663 2704 rolin
672 2637 738 2705 alio
746 2636 808 2719 die,
823 2645 857 2705 et
868 2636 968 2705 iaciat
980 2659 1038 2705 ess
1049 2637 1195 2719 abluere,
1207 2636 1373 2705 etiterum
1382 2633 1526 2703 reddam

335 2763 392 2807 eas
416 2745 625 2830 coquinariis.
665 2744 815 2812 Sabbata
839 2745 1026 2827 attundetur,
1050 2754 1149 2834 atque
1172 2746 1353 2833 sculpetur
1374 2743 1524 2830 aquius,

335 2872 455 2935 aquam
487 2851 708 2919 uanissimam
732 2874 850 2920 noram
874 2853 1044 2921 dimittant
1068 2851 1279 2921 intrantibus.
1325 2850 1459 2937 Aquam
1481 2848 1525 2917 sd

335 2956 518 3048 abluendos
534 2959 636 3045 pedes
651 2960 791 3027 fratrum
804 2960 1016 3046 calefaciant3
1032 2983 1117 3028 unus
1128 2959 1169 3027 de
1180 2958 1377 3027 exeuntibus
1392 2965 1427 3025 et
1440 2956 1526 3024 alius

335 3063 377 3131 de
399 3066 609 3148 intrantibus,
633 3089 705 3134 earn
729 3077 807 3134 ante
830 3066 1011 3152 capitulum
1034 3046 1176 3154 porteul,
1196 3066 1362 3133 intrantes
1376 3064 1526 3158 delerant

334 3171 526 3238 linteamina
549 3196 589 3239 ex
611 3175 848 3260 promptuario.
886 3174 918 3241 A
943 3176 1121 3243 secretario
1145 3173 1256 3262 pelves
1270 3181 1304 3240 et
1319 3171 1526 3258 manutergia

335 3278 538 3348 defamator.
555 3279 673 3348 Abbas
685 3280 890 3348 solummodo
900 3280 944 3348 ad
957 3303 1055 3348 unam
1068 3303 1108 3349 ex
1120 3283 1201 3368 ipsis
1212 3287 1331 3366 tergat
1348 3277 1425 3347 Duo
1432 3280 1526 3366 paen·

334 3408 397 3451 nou
428 3394 536 3452 noent
558 3386 671 3471 simul,
696 3388 853 3471 magister
867 3395 899 3454 et
916 3411 998 3474 puer
1013 3387 1126 3456 laurent
1140 3387 1278 3455 sedente
1297 3386 1364 3454 alio
1377 3386 1525 3474 pueroin

335 3492 427 3557 sedili
455 3517 523 3559 suo.
571 3492 654 3560 Oura
679 3497 891 3562 convenerint
915 3494 958 3561 ad
982 3494 1159 3563 lavandum
1181 3494 1387 3575 linteamina,
1411 3501 1525 3579 surgat

334 3622 417 3685 puer
440 3600 694 3669 ebdomadarius
718 3601 760 3667 de
784 3600 886 3669 sedile
908 3624 979 3685 suo,
1002 3610 1037 3669 et
1059 3611 1115 3669 eat
1137 3624 1211 3669 cum
1234 3601 1301 3668 alio
1317 3622 1419 3688 puero
1435 3599 1525 3667 foras

335 3707 525 3792 capitulum,
551 3716 583 3775 et
607 3708 743 3775 abluant
760 3708 960 3776 linteamina
992 3708 1155 3794 Expletis,
1178 3728 1390 3775 manasseas
1404 3706 1525 3790 lavent,
1639 3712 1645 3723 “

334 3813 486 3881 deserant
509 3836 628 3899 aquam
652 3815 696 3883 ad
720 3815 902 3882 abluendas
925 3836 1043 3881 ruamus
1065 3818 1208 3883 omnium
1233 3814 1384 3883 trabum
1430 3812 1525 3883 Unus

334 3943 375 3987 ox
403 3920 455 3988 his
486 3925 613 4007 pauens,
644 3925 699 4009 qui
728 3923 842 4008 junior
854 3923 879 4007 ¹)
908 3929 978 4006 est,
1008 3933 1065 3990 eat
1095 3925 1128 3989 iu
1151 3921 1255 3990 sedile
1278 3943 1391 4003 suam,
1420 3920 1525 3988 doaso

333 4051 447 4096 onmes
471 4029 610 4098 abluant
633 4052 749 4097 manus
772 4051 860 4111 suam,
884 4032 984 4097 etiarn
1007 4031 1111 4115 pueri.
1150 4029 1246 4097 Touo
1268 4036 1385 4114 surgat
1406 4028 1524 4095 iterum

334 4159 416 4223 puer
446 4136 487 4205 de
517 4137 618 4204 sedile
647 4159 723 4221 suo,
755 4144 789 4204 et
818 4137 927 4203 veniat
958 4159 1033 4204 oum
1056 4136 1122 4204 alio
1145 4134 1271 4202 infante
1293 4133 1394 4204 foras.
1440 4132 1524 4201 orn

334 4243 545 4329 deposuerint
570 4244 740 4322 utensilia,
771 4246 844 4310 euru
869 4243 990 4329 quibus
1013 4245 1194 4312 servierant
1215 4241 1374 4309 trabibus
1396 4242 1430 4308 in
1451 4238 1525 4308 looo

334 4350 511 4436 disposito,
556 4354 688 4419 veniant
729 4353 864 4416 ioannes
903 4351 935 4417 iu
974 4350 1082 4418 medio
1118 4348 1265 4437 capitulo
1305 4348 1457 4416 ordinato
1490 4354 1525 4415 et

334 4458 459 4525 iaciant
494 4460 711 4526 reverentiam
748 4466 782 4525 et
817 4463 895 4524 eant
927 4458 963 4525 in
996 4456 1154 4524 sedilibus
1183 4457 1263 4527 sais.
1316 4453 1525 4525 &areum

334 4588 410 4633 vero
439 4565 516 4633 dum
543 4568 638 4653 pueri
667 4564 843 4633 habuerint
877 4586 994 4631 ruamus
1016 4585 1095 4632 suas
1117 4563 1249 4631 ablutas
1272 4563 1400 4649 siguum
1422 4559 1524 4628 haist

353 4695 579 4817 *amisa
