<?xml version="1.0" encoding="UTF-8"?>
<!DOCTYPE html PUBLIC "-//W3C//DTD XHTML 1.0 Transitional//EN"
    "http://www.w3.org/TR/xhtml1/DTD/xhtml1-transitional.dtd">
<html xmlns="http://www.w3.org/1999/xhtml" xml:lang="en" lang="en">
 <head>
  <title>
</title>
<meta http-equiv="Content-Type" content="text/html;charset=utf-8" />
  <meta name='ocr-system' content='tesseract 3.04.00' />
  <meta name='ocr-capabilities' content='ocr_page ocr_carea ocr_par ocr_line ocrx_word'/>
</head>
<body>
  <div class='ocr_page' id='page_1' title='image "./consuetudinesmo00albegoog_0167.png"; bbox 0 0 3792 5375; ppageno 0'>
   <div class='ocr_carea' id='block_1_1' title="bbox 183 742 288 783">
    <p class='ocr_par' dir='ltr' id='par_1_1' title="bbox 183 742 288 783">
     <span class='ocr_line' id='line_1_1' title="bbox 183 742 288 783; baseline 0.01 -1"><span class='ocrx_word' id='word_1_1' title='bbox 183 742 226 783; x_wconf 75' lang='lat' dir='ltr'><em>tut.</em></span> <span class='ocrx_word' id='word_1_2' title='bbox 244 743 288 783; x_wconf 67' lang='lat'><em>³8⁸·</em></span> 
     </span>
    </p>
   </div>
   <div class='ocr_carea' id='block_1_2' title="bbox 122 2653 347 2917">
    <p class='ocr_par' dir='ltr' id='par_1_2' title="bbox 122 2653 347 2839">
     <span class='ocr_line' id='line_1_2' title="bbox 146 2653 337 2705; baseline -0.005 -9"><span class='ocrx_word' id='word_1_3' title='bbox 146 2665 157 2689; x_wconf 75' lang='grc' dir='ltr'>ι</span> <span class='ocrx_word' id='word_1_4' title='bbox 180 2654 274 2697; x_wconf 74' lang='lat' dir='ltr'><em>Forsan</em></span> <span class='ocrx_word' id='word_1_5' title='bbox 290 2653 337 2705; x_wconf 75' lang='lat' dir='ltr'><em>cpt-</em></span> 
     </span>
     <span class='ocr_line' id='line_1_3' title="bbox 122 2726 347 2768; baseline -0.009 -1"><span class='ocrx_word' id='word_1_6' title='bbox 122 2729 197 2768; x_wconf 71' lang='lat' dir='ltr'><em>uota:</em></span> <span class='ocrx_word' id='word_1_7' title='bbox 212 2726 240 2768; x_wconf 84' lang='grc'><em>81</em></span> <span class='ocrx_word' id='word_1_8' title='bbox 251 2736 347 2767; x_wconf 68' lang='grc' dir='ltr'>ωασπ-</span> 
     </span>
     <span class='ocr_line' id='line_1_4' title="bbox 123 2797 345 2839; baseline -0.009 0"><span class='ocrx_word' id='word_1_9' title='bbox 123 2800 228 2839; x_wconf 72' lang='lat' dir='ltr'><em>rextotts.</em></span> <span class='ocrx_word' id='word_1_10' title='bbox 259 2797 345 2838; x_wconf 74' lang='lat' dir='ltr'><em>t&#39;oloss.</em></span> 
     </span>
    </p>

    <p class='ocr_par' dir='ltr' id='par_1_3' title="bbox 194 2869 279 2917">
     <span class='ocr_line' id='line_1_5' title="bbox 194 2869 279 2917; baseline -0.035 -7"><span class='ocrx_word' id='word_1_11' title='bbox 194 2869 240 2917; x_wconf 87' lang='grc' dir='ltr'>ΙΙΙ,</span> <span class='ocrx_word' id='word_1_12' title='bbox 260 2872 279 2908; x_wconf 84' lang='lat'><em>1.</em></span> 
     </span>
    </p>
   </div>
   <div class='ocr_carea' id='block_1_3' title="bbox 853 530 1075 592">
    <p class='ocr_par' dir='ltr' id='par_1_4' title="bbox 853 530 1075 592">
     <span class='ocr_line' id='line_1_6' title="bbox 853 530 1075 592; baseline 0.009 -18"><span class='ocrx_word' id='word_1_13' title='bbox 853 530 1075 592; x_wconf 69' lang='lat' dir='ltr'><strong>..5ss-</strong></span> 
     </span>
    </p>
   </div>
   <div class='ocr_carea' id='block_1_4' title="bbox 373 711 1559 2404">
    <p class='ocr_par' dir='ltr' id='par_1_5' title="bbox 373 711 1559 2404">
     <span class='ocr_line' id='line_1_7' title="bbox 376 711 1557 812; baseline -0.006 -21"><span class='ocrx_word' id='word_1_14' title='bbox 376 739 412 792; x_wconf 89' lang='lat' dir='ltr'><em>nt</em></span> <span class='ocrx_word' id='word_1_15' title='bbox 433 728 493 812; x_wconf 87' lang='lat' dir='ltr'><em>qni</em></span> <span class='ocrx_word' id='word_1_16' title='bbox 502 729 610 811; x_wconf 80' lang='lat' dir='ltr'><em>sesto.</em></span> <span class='ocrx_word' id='word_1_17' title='bbox 656 719 735 787; x_wconf 80' lang='lat' dir='ltr'><em>Alia</em></span> <span class='ocrx_word' id='word_1_18' title='bbox 759 711 883 803; x_wconf 89' lang='lat' dir='ltr'><em>oratio,</em></span> <span class='ocrx_word' id='word_1_19' title='bbox 913 719 947 786; x_wconf 93' lang='lat' dir='ltr'><em>in</em></span> <span class='ocrx_word' id='word_1_20' title='bbox 975 718 1089 786; x_wconf 89' lang='lat' dir='ltr'><em>eodem</em></span> <span class='ocrx_word' id='word_1_21' title='bbox 1119 720 1244 805; x_wconf 87' lang='lat' dir='ltr'><em>psalmo</em></span> <span class='ocrx_word' id='word_1_22' title='bbox 1259 718 1288 809; x_wconf 92' lang='lat'><em>][</em></span> <span class='ocrx_word' id='word_1_23' title='bbox 1306 717 1557 806; x_wconf 83' lang='lat' dir='ltr'><em>quadragesimo</em></span> 
     </span>
     <span class='ocr_line' id='line_1_8' title="bbox 375 823 1556 915; baseline -0.002 -20"><span class='ocrx_word' id='word_1_24' title='bbox 375 830 496 915; x_wconf 88' lang='lat' dir='ltr'><em>primo:</em></span> <span class='ocrx_word' id='word_1_25' title='bbox 523 831 730 915; x_wconf 76' lang='lat' dir='ltr'><em>Omnipotens</em></span> <span class='ocrx_word' id='word_1_26' title='bbox 753 830 949 914; x_wconf 76' lang='lat' dir='ltr'><em>sempiterne</em></span> <span class='ocrx_word' id='word_1_27' title='bbox 964 828 1058 893; x_wconf 75' lang='lat' dir='ltr'><em>Deris</em></span> <span class='ocrx_word' id='word_1_28' title='bbox 1072 827 1198 912; x_wconf 84' lang='lat' dir='ltr'><em>respice</em></span> <span class='ocrx_word' id='word_1_29' title='bbox 1211 827 1382 913; x_wconf 87' lang='lat' dir='ltr'><em>propitins</em></span> <span class='ocrx_word' id='word_1_30' title='bbox 1397 830 1446 893; x_wconf 87' lang='lat' dir='ltr'><em>od</em></span> <span class='ocrx_word' id='word_1_31' title='bbox 1458 823 1556 912; x_wconf 83' lang='lat' dir='ltr'><em>de(!l.</em></span> 
     </span>
     <span class='ocr_line' id='line_1_9' title="bbox 375 929 1558 1018; baseline -0.004 -15"><span class='ocrx_word' id='word_1_32' title='bbox 375 935 503 1003; x_wconf 77' lang='lat' dir='ltr'><em>Deinde</em></span> <span class='ocrx_word' id='word_1_33' title='bbox 528 935 659 1002; x_wconf 79' lang='lat' dir='ltr'><em>ueniant</em></span> <span class='ocrx_word' id='word_1_34' title='bbox 680 933 745 1000; x_wconf 90' lang='lat' dir='ltr'><em>duo</em></span> <span class='ocrx_word' id='word_1_35' title='bbox 769 931 889 999; x_wconf 83' lang='lat' dir='ltr'><em>iratres</em></span> <span class='ocrx_word' id='word_1_36' title='bbox 910 932 944 997; x_wconf 90' lang='lat' dir='ltr'><em>in</em></span> <span class='ocrx_word' id='word_1_37' title='bbox 968 931 1067 998; x_wconf 88' lang='lat' dir='ltr'><em>choro</em></span> <span class='ocrx_word' id='word_1_38' title='bbox 1096 952 1170 998; x_wconf 88' lang='lat' dir='ltr'><em>cum</em></span> <span class='ocrx_word' id='word_1_39' title='bbox 1192 932 1323 1018; x_wconf 78' lang='lat' dir='ltr'><em>cappis,</em></span> <span class='ocrx_word' id='word_1_40' title='bbox 1348 939 1383 999; x_wconf 89' lang='lat' dir='ltr'><em>et</em></span> <span class='ocrx_word' id='word_1_41' title='bbox 1403 929 1558 998; x_wconf 85' lang='lat' dir='ltr'><em>inchoent</em></span> 
     </span>
     <span class='ocr_line' id='line_1_10' title="bbox 373 1036 1558 1129; baseline -0.004 -21"><span class='ocrx_word' id='word_1_42' title='bbox 373 1042 551 1110; x_wconf 78' lang='lat' dir='ltr'><em>laetaniam</em></span> <span class='ocrx_word' id='word_1_43' title='bbox 575 1064 634 1129; x_wconf 87' lang='lat' dir='ltr'><em>per</em></span> <span class='ocrx_word' id='word_1_44' title='bbox 657 1040 766 1108; x_wconf 81' lang='lat' dir='ltr'><em>onmia</em></span> <span class='ocrx_word' id='word_1_45' title='bbox 789 1047 827 1106; x_wconf 91' lang='lat' dir='ltr'><em>ut</em></span> <span class='ocrx_word' id='word_1_46' title='bbox 850 1061 920 1104; x_wconf 89' lang='lat' dir='ltr'><em>mos</em></span> <span class='ocrx_word' id='word_1_47' title='bbox 944 1045 995 1103; x_wconf 86' lang='lat' dir='ltr'><em>cst</em></span> <span class='ocrx_word' id='word_1_48' title='bbox 1018 1038 1126 1105; x_wconf 86' lang='lat' dir='ltr'><em>dicere</em></span> <span class='ocrx_word' id='word_1_49' title='bbox 1148 1040 1259 1124; x_wconf 87' lang='lat' dir='ltr'><em>pueris</em></span> <span class='ocrx_word' id='word_1_50' title='bbox 1286 1038 1412 1106; x_wconf 79' lang='lat' dir='ltr'><em>seriatis</em></span> <span class='ocrx_word' id='word_1_51' title='bbox 1442 1036 1558 1104; x_wconf 76' lang='lat' dir='ltr'><em>dielsus</em></span> 
     </span>
     <span class='ocr_line' id='line_1_11' title="bbox 375 1143 1557 1231; baseline -0.004 -17"><span class='ocrx_word' id='word_1_52' title='bbox 375 1158 450 1216; x_wconf 88' lang='lat' dir='ltr'><em>unte</em></span> <span class='ocrx_word' id='word_1_53' title='bbox 473 1150 615 1215; x_wconf 87' lang='lat' dir='ltr'><em>missam.</em></span> <span class='ocrx_word' id='word_1_54' title='bbox 662 1145 828 1231; x_wconf 87' lang='lat' dir='ltr'><em>Imprimis</em></span> <span class='ocrx_word' id='word_1_55' title='bbox 851 1144 918 1211; x_wconf 90' lang='lat' dir='ltr'><em>duo</em></span> <span class='ocrx_word' id='word_1_56' title='bbox 941 1144 1021 1230; x_wconf 89' lang='lat' dir='ltr'><em>ipsi,</em></span> <span class='ocrx_word' id='word_1_57' title='bbox 1052 1143 1168 1211; x_wconf 90' lang='lat' dir='ltr'><em>deinde</em></span> <span class='ocrx_word' id='word_1_58' title='bbox 1201 1144 1335 1211; x_wconf 87' lang='lat' dir='ltr'><em>chorum</em></span> <span class='ocrx_word' id='word_1_59' title='bbox 1367 1143 1498 1212; x_wconf 87' lang='lat' dir='ltr'><em>abbatis</em></span> <span class='ocrx_word' id='word_1_60' title='bbox 1525 1155 1557 1211; x_wconf 88' lang='lat' dir='ltr'><em>et</em></span> 
     </span>
     <span class='ocr_line' id='line_1_12' title="bbox 374 1249 1559 1341; baseline -0.002 -23"><span class='ocrx_word' id='word_1_61' title='bbox 374 1255 579 1341; x_wconf 85' lang='lat' dir='ltr'><em>postmodum</em></span> <span class='ocrx_word' id='word_1_62' title='bbox 604 1276 644 1320; x_wconf 83' lang='lat' dir='ltr'><em>ex</em></span> <span class='ocrx_word' id='word_1_63' title='bbox 667 1253 734 1319; x_wconf 91' lang='lat' dir='ltr'><em>alia</em></span> <span class='ocrx_word' id='word_1_64' title='bbox 749 1258 854 1339; x_wconf 84' lang='lat' dir='ltr'><em>parte.</em></span> <span class='ocrx_word' id='word_1_65' title='bbox 890 1250 1045 1317; x_wconf 82' lang='lat' dir='ltr'><em>Protinus</em></span> <span class='ocrx_word' id='word_1_66' title='bbox 1060 1259 1106 1334; x_wconf 90' lang='lat' dir='ltr'><em>ut,</em></span> <span class='ocrx_word' id='word_1_67' title='bbox 1130 1254 1303 1337; x_wconf 81' lang='lat' dir='ltr'><em>Propitius</em></span> <span class='ocrx_word' id='word_1_68' title='bbox 1318 1266 1394 1336; x_wconf 89' lang='lat' dir='ltr'><em>esto,</em></span> <span class='ocrx_word' id='word_1_69' title='bbox 1418 1249 1559 1317; x_wconf 78' lang='lat' dir='ltr'><em>dixerint</em></span> 
     </span>
     <span class='ocr_line' id='line_1_13' title="bbox 374 1356 1557 1448; baseline -0.006 -21"><span class='ocrx_word' id='word_1_70' title='bbox 374 1361 533 1448; x_wconf 85' lang='lat' dir='ltr'><em>procedat</em></span> <span class='ocrx_word' id='word_1_71' title='bbox 555 1360 708 1427; x_wconf 81' lang='lat' dir='ltr'><em>sacerdos</em></span> <span class='ocrx_word' id='word_1_72' title='bbox 731 1358 764 1423; x_wconf 90' lang='lat' dir='ltr'><em>in</em></span> <span class='ocrx_word' id='word_1_73' title='bbox 788 1357 935 1423; x_wconf 87' lang='lat' dir='ltr'><em>sacrario</em></span> <span class='ocrx_word' id='word_1_74' title='bbox 951 1378 1026 1423; x_wconf 90' lang='lat' dir='ltr'><em>eum</em></span> <span class='ocrx_word' id='word_1_75' title='bbox 1042 1356 1117 1423; x_wconf 87' lang='lat' dir='ltr'><em>aliis</em></span> <span class='ocrx_word' id='word_1_76' title='bbox 1133 1357 1303 1440; x_wconf 84' lang='lat' dir='ltr'><em>ministris,</em></span> <span class='ocrx_word' id='word_1_77' title='bbox 1327 1365 1361 1424; x_wconf 88' lang='lat' dir='ltr'><em>et</em></span> <span class='ocrx_word' id='word_1_78' title='bbox 1383 1364 1463 1424; x_wconf 88' lang='lat' dir='ltr'><em>tunc</em></span> <span class='ocrx_word' id='word_1_79' title='bbox 1482 1356 1557 1423; x_wconf 74' lang='lat' dir='ltr'><em>suls·</em></span> 
     </span>
     <span class='ocr_line' id='line_1_14' title="bbox 374 1462 1557 1550; baseline -0.005 -16"><span class='ocrx_word' id='word_1_80' title='bbox 374 1468 530 1534; x_wconf 88' lang='lat' dir='ltr'><em>diaeonus</em></span> <span class='ocrx_word' id='word_1_81' title='bbox 560 1467 676 1533; x_wconf 87' lang='lat' dir='ltr'><em>induat</em></span> <span class='ocrx_word' id='word_1_82' title='bbox 706 1467 827 1532; x_wconf 90' lang='lat' dir='ltr'><em>tunica.</em></span> <span class='ocrx_word' id='word_1_83' title='bbox 875 1462 995 1532; x_wconf 84' lang='lat' dir='ltr'><em>Statim</em></span> <span class='ocrx_word' id='word_1_84' title='bbox 1026 1472 1063 1530; x_wconf 91' lang='lat' dir='ltr'><em>ut</em></span> <span class='ocrx_word' id='word_1_85' title='bbox 1091 1471 1228 1550; x_wconf 84' lang='lat' dir='ltr'><em>peraeta</em></span> <span class='ocrx_word' id='word_1_86' title='bbox 1257 1464 1382 1532; x_wconf 84' lang='lat' dir='ltr'><em>fuerint</em></span> <span class='ocrx_word' id='word_1_87' title='bbox 1416 1464 1557 1543; x_wconf 90' lang='lat' dir='ltr'><em>initient,</em></span> 
     </span>
     <span class='ocr_line' id='line_1_15' title="bbox 375 1570 1559 1659; baseline -0.003 -18"><span class='ocrx_word' id='word_1_88' title='bbox 375 1578 562 1643; x_wconf 80' lang='lat' dir='ltr'><em>Acccrniite.</em></span> <span class='ocrx_word' id='word_1_89' title='bbox 600 1575 707 1659; x_wconf 82' lang='lat' dir='ltr'><em>Kyrie</em></span> <span class='ocrx_word' id='word_1_90' title='bbox 723 1574 850 1653; x_wconf 86' lang='lat' dir='ltr'><em>eleison,</em></span> <span class='ocrx_word' id='word_1_91' title='bbox 868 1592 965 1657; x_wconf 90' lang='lat' dir='ltr'><em>quem</em></span> <span class='ocrx_word' id='word_1_92' title='bbox 981 1570 1093 1637; x_wconf 87' lang='lat' dir='ltr'><em>dicant</em></span> <span class='ocrx_word' id='word_1_93' title='bbox 1108 1571 1193 1638; x_wconf 89' lang='lat' dir='ltr'><em>sicut</em></span> <span class='ocrx_word' id='word_1_94' title='bbox 1204 1593 1275 1638; x_wconf 90' lang='lat' dir='ltr'><em>mos</em></span> <span class='ocrx_word' id='word_1_95' title='bbox 1292 1578 1343 1638; x_wconf 84' lang='lat' dir='ltr'><em>est</em></span> <span class='ocrx_word' id='word_1_96' title='bbox 1357 1570 1468 1638; x_wconf 87' lang='lat' dir='ltr'><em>dicere</em></span> <span class='ocrx_word' id='word_1_97' title='bbox 1482 1572 1559 1637; x_wconf 89' lang='lat' dir='ltr'><em>mis·</em></span> 
     </span>
     <span class='ocr_line' id='line_1_16' title="bbox 374 1676 1558 1765; baseline -0.003 -18"><span class='ocrx_word' id='word_1_98' title='bbox 374 1701 439 1748; x_wconf 82' lang='lat' dir='ltr'><em>sae</em></span> <span class='ocrx_word' id='word_1_99' title='bbox 475 1678 570 1747; x_wconf 81' lang='lat' dir='ltr'><em>Tunc</em></span> <span class='ocrx_word' id='word_1_100' title='bbox 585 1679 755 1765; x_wconf 86' lang='lat' dir='ltr'><em>pulsentur</em></span> <span class='ocrx_word' id='word_1_101' title='bbox 769 1680 881 1745; x_wconf 91' lang='lat' dir='ltr'><em>onmia</em></span> <span class='ocrx_word' id='word_1_102' title='bbox 904 1678 997 1762; x_wconf 78' lang='lat' dir='ltr'><em>signa</em></span> <span class='ocrx_word' id='word_1_103' title='bbox 1021 1685 1054 1743; x_wconf 88' lang='lat' dir='ltr'><em>ot</em></span> <span class='ocrx_word' id='word_1_104' title='bbox 1071 1676 1208 1744; x_wconf 85' lang='lat' dir='ltr'><em>candele</em></span> <span class='ocrx_word' id='word_1_105' title='bbox 1232 1678 1458 1745; x_wconf 83' lang='lat' dir='ltr'><em>accendantur</em></span> <span class='ocrx_word' id='word_1_106' title='bbox 1481 1687 1558 1744; x_wconf 91' lang='lat' dir='ltr'><em>ante</em></span> 
     </span>
     <span class='ocr_line' id='line_1_17' title="bbox 373 1783 1559 1872; baseline -0.001 -20"><span class='ocrx_word' id='word_1_107' title='bbox 373 1786 479 1853; x_wconf 83' lang='lat' dir='ltr'><em>altare</em></span> <span class='ocrx_word' id='word_1_108' title='bbox 495 1795 529 1852; x_wconf 88' lang='lat' dir='ltr'><em>et</em></span> <span class='ocrx_word' id='word_1_109' title='bbox 543 1786 727 1872; x_wconf 85' lang='lat' dir='ltr'><em>posteriora</em></span> <span class='ocrx_word' id='word_1_110' title='bbox 738 1786 821 1870; x_wconf 91' lang='lat' dir='ltr'><em>ejus,</em></span> <span class='ocrx_word' id='word_1_111' title='bbox 837 1793 871 1851; x_wconf 87' lang='lat' dir='ltr'><em>et</em></span> <span class='ocrx_word' id='word_1_112' title='bbox 883 1806 943 1871; x_wconf 90' lang='lat' dir='ltr'><em>per</em></span> <span class='ocrx_word' id='word_1_113' title='bbox 956 1783 1208 1871; x_wconf 78' lang='lat' dir='ltr'><em>unumquodque</em></span> <span class='ocrx_word' id='word_1_114' title='bbox 1221 1785 1328 1852; x_wconf 85' lang='lat' dir='ltr'><em>altare</em></span> <span class='ocrx_word' id='word_1_115' title='bbox 1341 1785 1481 1852; x_wconf 89' lang='lat' dir='ltr'><em>ardeant</em></span> <span class='ocrx_word' id='word_1_116' title='bbox 1492 1806 1559 1851; x_wconf 89' lang='lat' dir='ltr'><em>una</em></span> 
     </span>
     <span class='ocr_line' id='line_1_18' title="bbox 373 1892 1558 1978; baseline -0.002 -19"><span class='ocrx_word' id='word_1_117' title='bbox 373 1893 512 1960; x_wconf 86' lang='lat' dir='ltr'><em>candela</em></span> <span class='ocrx_word' id='word_1_118' title='bbox 534 1915 638 1978; x_wconf 86' lang='lat' dir='ltr'><em>usque</em></span> <span class='ocrx_word' id='word_1_119' title='bbox 661 1892 738 1959; x_wconf 89' lang='lat' dir='ltr'><em>dum</em></span> <span class='ocrx_word' id='word_1_120' title='bbox 762 1892 882 1959; x_wconf 88' lang='lat' dir='ltr'><em>dicitur</em></span> <span class='ocrx_word' id='word_1_121' title='bbox 907 1892 1145 1959; x_wconf 82' lang='lat' dir='ltr'><em>Benedieonrns</em></span> <span class='ocrx_word' id='word_1_122' title='bbox 1167 1896 1300 1961; x_wconf 87' lang='lat' dir='ltr'><em>domino</em></span> <span class='ocrx_word' id='word_1_123' title='bbox 1327 1892 1371 1959; x_wconf 91' lang='lat' dir='ltr'><em>ad</em></span> <span class='ocrx_word' id='word_1_124' title='bbox 1395 1912 1558 1978; x_wconf 83' lang='lat' dir='ltr'><em>vesperas.</em></span> 
     </span>
     <span class='ocr_line' id='line_1_19' title="bbox 373 1997 1493 2086; baseline 0 -20"><span class='ocrx_word' id='word_1_125' title='bbox 373 1999 525 2086; x_wconf 80' lang='lat' dir='ltr'><em>Quinque</em></span> <span class='ocrx_word' id='word_1_126' title='bbox 548 2000 728 2085; x_wconf 87' lang='lat' dir='ltr'><em>columpnis</em></span> <span class='ocrx_word' id='word_1_127' title='bbox 751 2019 920 2066; x_wconf 86' lang='lat' dir='ltr'><em>cereorum</em></span> <span class='ocrx_word' id='word_1_128' title='bbox 943 1998 1085 2065; x_wconf 87' lang='lat' dir='ltr'><em>ardeant</em></span> <span class='ocrx_word' id='word_1_129' title='bbox 1107 1997 1190 2066; x_wconf 83' lang='lat' dir='ltr'><em>teria</em></span> <span class='ocrx_word' id='word_1_130' title='bbox 1212 1999 1358 2066; x_wconf 87' lang='lat' dir='ltr'><em>secunda</em></span> <span class='ocrx_word' id='word_1_131' title='bbox 1380 2020 1493 2085; x_wconf 89' lang='lat' dir='ltr'><em>usque.</em></span> 
     </span>
     <span class='ocr_line' id='line_1_20' title="bbox 462 2105 1559 2193; baseline 0 -20"><span class='ocrx_word' id='word_1_132' title='bbox 462 2107 516 2174; x_wconf 93' lang='lat' dir='ltr'><em>De</em></span> <span class='ocrx_word' id='word_1_133' title='bbox 539 2107 684 2174; x_wconf 82' lang='lat' dir='ltr'><em>sacrario</em></span> <span class='ocrx_word' id='word_1_134' title='bbox 705 2128 772 2173; x_wconf 92' lang='lat' dir='ltr'><em>non</em></span> <span class='ocrx_word' id='word_1_135' title='bbox 795 2113 947 2191; x_wconf 87' lang='lat' dir='ltr'><em>portatur</em></span> <span class='ocrx_word' id='word_1_136' title='bbox 970 2105 1079 2171; x_wconf 90' lang='lat' dir='ltr'><em>lumen</em></span> <span class='ocrx_word' id='word_1_137' title='bbox 1103 2113 1180 2172; x_wconf 89' lang='lat' dir='ltr'><em>ante</em></span> <span class='ocrx_word' id='word_1_138' title='bbox 1203 2105 1409 2193; x_wconf 78' lang='lat' dir='ltr'><em>evangelium</em></span> <span class='ocrx_word' id='word_1_139' title='bbox 1435 2106 1470 2173; x_wconf 92' lang='lat' dir='ltr'><em>in</em></span> <span class='ocrx_word' id='word_1_140' title='bbox 1496 2106 1559 2173; x_wconf 89' lang='lat' dir='ltr'><em>hoo</em></span> 
     </span>
     <span class='ocr_line' id='line_1_21' title="bbox 373 2210 1559 2298; baseline 0 -20"><span class='ocrx_word' id='word_1_141' title='bbox 373 2213 443 2298; x_wconf 90' lang='lat' dir='ltr'><em>die,</em></span> <span class='ocrx_word' id='word_1_142' title='bbox 466 2212 524 2279; x_wconf 86' lang='lat' dir='ltr'><em>scd</em></span> <span class='ocrx_word' id='word_1_143' title='bbox 548 2213 775 2279; x_wconf 87' lang='lat' dir='ltr'><em>tantummodo</em></span> <span class='ocrx_word' id='word_1_144' title='bbox 806 2214 976 2279; x_wconf 88' lang='lat' dir='ltr'><em>incensum</em></span> <span class='ocrx_word' id='word_1_145' title='bbox 1010 2211 1126 2281; x_wconf 88' lang='lat' dir='ltr'><em>solum.</em></span> <span class='ocrx_word' id='word_1_146' title='bbox 1183 2210 1251 2281; x_wconf 85' lang='lat' dir='ltr'><em>Sed</em></span> <span class='ocrx_word' id='word_1_147' title='bbox 1286 2219 1399 2280; x_wconf 89' lang='lat' dir='ltr'><em>tamen</em></span> <span class='ocrx_word' id='word_1_148' title='bbox 1433 2212 1476 2279; x_wconf 92' lang='lat' dir='ltr'><em>ab</em></span> <span class='ocrx_word' id='word_1_149' title='bbox 1511 2213 1559 2279; x_wconf 90' lang='lat' dir='ltr'><em>iu·</em></span> 
     </span>
     <span class='ocr_line' id='line_1_22' title="bbox 373 2317 1559 2404; baseline -0.001 -18"><span class='ocrx_word' id='word_1_150' title='bbox 373 2319 546 2387; x_wconf 84' lang='lat' dir='ltr'><em>choatione</em></span> <span class='ocrx_word' id='word_1_151' title='bbox 561 2319 719 2403; x_wconf 79' lang='lat' dir='ltr'><em>evangelii</em></span> <span class='ocrx_word' id='word_1_152' title='bbox 735 2318 899 2404; x_wconf 88' lang='lat' dir='ltr'><em>usquead</em></span> <span class='ocrx_word' id='word_1_153' title='bbox 916 2317 1013 2385; x_wconf 83' lang='lat' dir='ltr'><em>tinem</em></span> <span class='ocrx_word' id='word_1_154' title='bbox 1029 2318 1159 2401; x_wconf 88' lang='lat' dir='ltr'><em>missae,</em></span> <span class='ocrx_word' id='word_1_155' title='bbox 1183 2319 1268 2404; x_wconf 88' lang='lat' dir='ltr'><em>sicut</em></span> <span class='ocrx_word' id='word_1_156' title='bbox 1285 2341 1356 2387; x_wconf 77' lang='lat' dir='ltr'><em>uros</em></span> <span class='ocrx_word' id='word_1_157' title='bbox 1372 2326 1424 2387; x_wconf 89' lang='lat' dir='ltr'><em>est</em></span> <span class='ocrx_word' id='word_1_158' title='bbox 1438 2319 1559 2386; x_wconf 91' lang='lat' dir='ltr'><em>cande-</em></span> 
     </span>
    </p>
   </div>
   <div class='ocr_carea' id='block_1_5' title="bbox 363 2424 1561 2512">
    <p class='ocr_par' dir='ltr' id='par_1_6' title="bbox 363 2424 1561 2512">
     <span class='ocr_line' id='line_1_23' title="bbox 363 2424 1561 2512; baseline 0.002 -20"><span class='ocrx_word' id='word_1_159' title='bbox 363 2425 467 2504; x_wconf 54' lang='lat' dir='ltr'><em>,labra</em></span> <span class='ocrx_word' id='word_1_160' title='bbox 482 2432 667 2508; x_wconf 88' lang='lat' dir='ltr'><em>teneantur,</em></span> <span class='ocrx_word' id='word_1_161' title='bbox 679 2426 877 2512; x_wconf 80' lang='lat' dir='ltr'><em>veniantque</em></span> <span class='ocrx_word' id='word_1_162' title='bbox 889 2424 931 2491; x_wconf 92' lang='lat' dir='ltr'><em>ad</em></span> <span class='ocrx_word' id='word_1_163' title='bbox 943 2446 1005 2492; x_wconf 86' lang='lat' dir='ltr'><em>ara</em></span> <span class='ocrx_word' id='word_1_164' title='bbox 1019 2432 1054 2493; x_wconf 88' lang='lat' dir='ltr'><em>et</em></span> <span class='ocrx_word' id='word_1_165' title='bbox 1068 2425 1193 2493; x_wconf 86' lang='lat' dir='ltr'><em>iaciant</em></span> <span class='ocrx_word' id='word_1_166' title='bbox 1208 2426 1390 2494; x_wconf 90' lang='lat' dir='ltr'><em>orationem</em></span> <span class='ocrx_word' id='word_1_167' title='bbox 1407 2426 1561 2494; x_wconf 73' lang='lat' dir='ltr'><em>sacerdos</em></span> 
     </span>
    </p>
   </div>
   <div class='ocr_carea' id='block_1_6' title="bbox 373 2531 1564 4332">
    <p class='ocr_par' dir='ltr' id='par_1_7' title="bbox 373 2531 1564 4332">
     <span class='ocr_line' id='line_1_24' title="bbox 373 2531 1560 2617; baseline 0.002 -18"><span class='ocrx_word' id='word_1_168' title='bbox 373 2543 405 2599; x_wconf 91' lang='lat' dir='ltr'><em>et</em></span> <span class='ocrx_word' id='word_1_169' title='bbox 433 2533 542 2600; x_wconf 82' lang='lat' dir='ltr'><em>levita</em></span> <span class='ocrx_word' id='word_1_170' title='bbox 581 2532 733 2600; x_wconf 88' lang='lat' dir='ltr'><em>Dimissis</em></span> <span class='ocrx_word' id='word_1_171' title='bbox 756 2533 858 2617; x_wconf 87' lang='lat' dir='ltr'><em>signis</em></span> <span class='ocrx_word' id='word_1_172' title='bbox 881 2531 981 2615; x_wconf 88' lang='lat' dir='ltr'><em>dicat,</em></span> <span class='ocrx_word' id='word_1_173' title='bbox 1006 2534 1124 2600; x_wconf 82' lang='lat' dir='ltr'><em>Gloria</em></span> <span class='ocrx_word' id='word_1_174' title='bbox 1146 2535 1334 2602; x_wconf 85' lang='lat' dir='ltr'><em>inexcetsis</em></span> <span class='ocrx_word' id='word_1_175' title='bbox 1357 2537 1429 2601; x_wconf 89' lang='lat' dir='ltr'><em>Deo</em></span> <span class='ocrx_word' id='word_1_176' title='bbox 1451 2555 1560 2601; x_wconf 87' lang='lat' dir='ltr'><em>sacer·</em></span> 
     </span>
     <span class='ocr_line' id='line_1_25' title="bbox 373 2637 1560 2729; baseline 0 -21"><span class='ocrx_word' id='word_1_177' title='bbox 373 2640 442 2708; x_wconf 82' lang='lat' dir='ltr'><em>(los.</em></span> <span class='ocrx_word' id='word_1_178' title='bbox 471 2639 621 2722; x_wconf 80' lang='lat' dir='ltr'><em>Orernus,</em></span> <span class='ocrx_word' id='word_1_179' title='bbox 634 2643 725 2708; x_wconf 77' lang='lat' dir='ltr'><em>llens</em></span> <span class='ocrx_word' id='word_1_180' title='bbox 740 2645 801 2729; x_wconf 85' lang='lat' dir='ltr'><em>qni</em></span> <span class='ocrx_word' id='word_1_181' title='bbox 812 2642 908 2709; x_wconf 77' lang='lat' dir='ltr'><em>noire.</em></span> <span class='ocrx_word' id='word_1_182' title='bbox 936 2637 1101 2726; x_wconf 85' lang='lat' dir='ltr'><em>Epistola,</em></span> <span class='ocrx_word' id='word_1_183' title='bbox 1120 2640 1371 2712; x_wconf 76' lang='lat' dir='ltr'><em>Corrsrerrexi.(·)</em></span> <span class='ocrx_word' id='word_1_184' title='bbox 1401 2640 1560 2728; x_wconf 86' lang='lat' dir='ltr'><em>Alleluju,</em></span> 
     </span>
     <span class='ocr_line' id='line_1_26' title="bbox 375 2746 1560 2836; baseline 0.001 -20"><span class='ocrx_word' id='word_1_185' title='bbox 375 2749 405 2816; x_wconf 87' lang='lat' dir='ltr'><em>C</em></span> <span class='ocrx_word' id='word_1_186' title='bbox 400 2751 580 2836; x_wconf 81' lang='lat' dir='ltr'><em>onfiternini</em></span> <span class='ocrx_word' id='word_1_187' title='bbox 593 2750 745 2818; x_wconf 86' lang='lat' dir='ltr'><em>Domino.</em></span> <span class='ocrx_word' id='word_1_188' title='bbox 780 2746 934 2831; x_wconf 75' lang='lat' dir='ltr'><em>Tractus,</em></span> <span class='ocrx_word' id='word_1_189' title='bbox 952 2750 1101 2816; x_wconf 62' lang='lat' dir='ltr'><em>Mtednte</em></span> <span class='ocrx_word' id='word_1_190' title='bbox 1116 2750 1307 2816; x_wconf 86' lang='lat' dir='ltr'><em>Doeninenn.</em></span> <span class='ocrx_word' id='word_1_191' title='bbox 1335 2746 1560 2832; x_wconf 81' lang='lat' dir='ltr'><em>Offertorium,</em></span> 
     </span>
     <span class='ocr_line' id='line_1_27' title="bbox 374 2852 1561 2942; baseline 0.002 -21"><span class='ocrx_word' id='word_1_192' title='bbox 374 2852 577 2935; x_wconf 80' lang='lat' dir='ltr'><em>Communia,</em></span> <span class='ocrx_word' id='word_1_193' title='bbox 600 2875 662 2921; x_wconf 88' lang='lat' dir='ltr'><em>nec</em></span> <span class='ocrx_word' id='word_1_194' title='bbox 686 2857 808 2938; x_wconf 73' lang='lat' dir='ltr'><em>Agnus</em></span> <span class='ocrx_word' id='word_1_195' title='bbox 827 2858 898 2922; x_wconf 80' lang='lat' dir='ltr'><em>Dei</em></span> <span class='ocrx_word' id='word_1_196' title='bbox 918 2853 1057 2938; x_wconf 88' lang='lat' dir='ltr'><em>dicatur,</em></span> <span class='ocrx_word' id='word_1_197' title='bbox 1081 2854 1159 2941; x_wconf 90' lang='lat' dir='ltr'><em>quia</em></span> <span class='ocrx_word' id='word_1_198' title='bbox 1181 2876 1258 2923; x_wconf 82' lang='lat' dir='ltr'><em>nere</em></span> <span class='ocrx_word' id='word_1_199' title='bbox 1280 2857 1352 2942; x_wconf 87' lang='lat' dir='ltr'><em>ipse</em></span> <span class='ocrx_word' id='word_1_200' title='bbox 1375 2878 1480 2942; x_wconf 78' lang='lat' dir='ltr'><em>agnus</em></span> <span class='ocrx_word' id='word_1_201' title='bbox 1501 2857 1561 2924; x_wconf 86' lang='lat' dir='ltr'><em>im·</em></span> 
     </span>
     <span class='ocr_line' id='line_1_28' title="bbox 374 2959 1561 3046; baseline 0.003 -20"><span class='ocrx_word' id='word_1_202' title='bbox 374 2960 516 3027; x_wconf 87' lang='lat' dir='ltr'><em>molatus</em></span> <span class='ocrx_word' id='word_1_203' title='bbox 540 2969 589 3027; x_wconf 89' lang='lat' dir='ltr'><em>est</em></span> <span class='ocrx_word' id='word_1_204' title='bbox 612 2983 672 3046; x_wconf 90' lang='lat' dir='ltr'><em>pro</em></span> <span class='ocrx_word' id='word_1_205' title='bbox 688 2968 824 3045; x_wconf 91' lang='lat' dir='ltr'><em>peccato</em></span> <span class='ocrx_word' id='word_1_206' title='bbox 846 2959 970 3027; x_wconf 76' lang='lat' dir='ltr'><em>rirundi.</em></span> <span class='ocrx_word' id='word_1_207' title='bbox 1004 2961 1084 3027; x_wconf 86' lang='lat' dir='ltr'><em>Mox</em></span> <span class='ocrx_word' id='word_1_208' title='bbox 1100 2969 1138 3028; x_wconf 90' lang='lat' dir='ltr'><em>ut</em></span> <span class='ocrx_word' id='word_1_209' title='bbox 1153 2964 1428 3030; x_wconf 77' lang='lat' dir='ltr'><em>comrimnicatum</em></span> <span class='ocrx_word' id='word_1_210' title='bbox 1451 2962 1561 3046; x_wconf 85' lang='lat' dir='ltr'><em>fuerit,</em></span> 
     </span>
     <span class='ocr_line' id='line_1_29' title="bbox 375 3062 1562 3152; baseline 0.006 -21"><span class='ocrx_word' id='word_1_211' title='bbox 375 3066 505 3133; x_wconf 86' lang='lat' dir='ltr'><em>dicatur</em></span> <span class='ocrx_word' id='word_1_212' title='bbox 519 3066 638 3134; x_wconf 87' lang='lat' dir='ltr'><em>Oratio</em></span> <span class='ocrx_word' id='word_1_213' title='bbox 661 3062 736 3152; x_wconf 82' lang='lat' dir='ltr'><em>post</em></span> <span class='ocrx_word' id='word_1_214' title='bbox 760 3067 1030 3148; x_wconf 82' lang='lat' dir='ltr'><em>communionem,</em></span> <span class='ocrx_word' id='word_1_215' title='bbox 1054 3075 1087 3133; x_wconf 87' lang='lat' dir='ltr'><em>ct</em></span> <span class='ocrx_word' id='word_1_216' title='bbox 1110 3071 1159 3134; x_wconf 85' lang='lat' dir='ltr'><em>Ite</em></span> <span class='ocrx_word' id='word_1_217' title='bbox 1174 3071 1286 3137; x_wconf 86' lang='lat' dir='ltr'><em>Misso</em></span> <span class='ocrx_word' id='word_1_218' title='bbox 1302 3082 1359 3137; x_wconf 91' lang='lat' dir='ltr'><em>est.</em></span> <span class='ocrx_word' id='word_1_219' title='bbox 1395 3067 1562 3138; x_wconf 87' lang='lat' dir='ltr'><em>Sonentur</em></span> 
     </span>
     <span class='ocr_line' id='line_1_30' title="bbox 375 3172 1561 3260; baseline 0.005 -22"><span class='ocrx_word' id='word_1_220' title='bbox 375 3173 470 3240; x_wconf 87' lang='lat' dir='ltr'><em>simul</em></span> <span class='ocrx_word' id='word_1_221' title='bbox 486 3172 552 3239; x_wconf 91' lang='lat' dir='ltr'><em>duo</em></span> <span class='ocrx_word' id='word_1_222' title='bbox 568 3173 716 3259; x_wconf 87' lang='lat' dir='ltr'><em>squillae.</em></span> <span class='ocrx_word' id='word_1_223' title='bbox 752 3172 809 3240; x_wconf 82' lang='lat' dir='ltr'><em>Ad</em></span> <span class='ocrx_word' id='word_1_224' title='bbox 825 3195 997 3260; x_wconf 75' lang='lat' dir='ltr'><em>uesperam</em></span> <span class='ocrx_word' id='word_1_225' title='bbox 1013 3195 1127 3260; x_wconf 86' lang='lat' dir='ltr'><em>preces</em></span> <span class='ocrx_word' id='word_1_226' title='bbox 1149 3174 1337 3243; x_wconf 82' lang='lat' dir='ltr'><em>faciendam</em></span> <span class='ocrx_word' id='word_1_227' title='bbox 1352 3177 1396 3244; x_wconf 88' lang='lat' dir='ltr'><em>ad</em></span> <span class='ocrx_word' id='word_1_228' title='bbox 1411 3176 1561 3244; x_wconf 88' lang='lat' dir='ltr'><em>ultimum</em></span> 
     </span>
     <span class='ocr_line' id='line_1_31' title="bbox 375 3279 1560 3372; baseline 0.007 -25"><span class='ocrx_word' id='word_1_229' title='bbox 375 3279 621 3347; x_wconf 82' lang='lat' dir='ltr'><em>conclassentur</em></span> <span class='ocrx_word' id='word_1_230' title='bbox 649 3280 799 3368; x_wconf 83' lang='lat' dir='ltr'><em>omnis(!)</em></span> <span class='ocrx_word' id='word_1_231' title='bbox 834 3281 953 3365; x_wconf 82' lang='lat' dir='ltr'><em>signis,</em></span> <span class='ocrx_word' id='word_1_232' title='bbox 989 3283 1155 3371; x_wconf 75' lang='lat' dir='ltr'><em>Altelnia,</em></span> <span class='ocrx_word' id='word_1_233' title='bbox 1186 3284 1377 3372; x_wconf 79' lang='lat' dir='ltr'><em>Crucifixus</em></span> <span class='ocrx_word' id='word_1_234' title='bbox 1399 3291 1560 3355; x_wconf 81' lang='lat' dir='ltr'><em>surrexit.</em></span> 
     </span>
     <span class='ocr_line' id='line_1_32' title="bbox 375 3386 1562 3477; baseline 0.003 -23"><span class='ocrx_word' id='word_1_235' title='bbox 375 3390 526 3477; x_wconf 78' lang='lat' dir='ltr'><em>Allelnjo</em></span> <span class='ocrx_word' id='word_1_236' title='bbox 549 3408 589 3453; x_wconf 87' lang='lat' dir='ltr'><em>ex</em></span> <span class='ocrx_word' id='word_1_237' title='bbox 612 3388 685 3474; x_wconf 89' lang='lat' dir='ltr'><em>ipsa</em></span> <span class='ocrx_word' id='word_1_238' title='bbox 707 3386 899 3473; x_wconf 83' lang='lat' dir='ltr'><em>antiphona</em></span> <span class='ocrx_word' id='word_1_239' title='bbox 945 3386 1115 3472; x_wconf 88' lang='lat' dir='ltr'><em>Psalmos,</em></span> <span class='ocrx_word' id='word_1_240' title='bbox 1144 3390 1367 3477; x_wconf 72' lang='lat' dir='ltr'><em>Confiteantur</em></span> <span class='ocrx_word' id='word_1_241' title='bbox 1390 3413 1463 3458; x_wconf 89' lang='lat' dir='ltr'><em>cum</em></span> <span class='ocrx_word' id='word_1_242' title='bbox 1487 3391 1562 3459; x_wconf 88' lang='lat' dir='ltr'><em>aliis</em></span> 
     </span>
     <span class='ocr_line' id='line_1_33' title="bbox 375 3493 1561 3583; baseline 0.008 -25"><span class='ocrx_word' id='word_1_243' title='bbox 375 3493 641 3579; x_wconf 81' lang='lat' dir='ltr'><em>subsequaeibus,</em></span> <span class='ocrx_word' id='word_1_244' title='bbox 664 3499 763 3563; x_wconf 77' lang='lat' dir='ltr'><em>sinn</em></span> <span class='ocrx_word' id='word_1_245' title='bbox 783 3498 975 3562; x_wconf 79' lang='lat' dir='ltr'><em>surrexisti.</em></span> <span class='ocrx_word' id='word_1_246' title='bbox 1014 3493 1290 3581; x_wconf 88' lang='lat' dir='ltr'><em>Responsorium,</em></span> <span class='ocrx_word' id='word_1_247' title='bbox 1319 3501 1473 3583; x_wconf 54' lang='lat' dir='ltr'><em>stenelus</em></span> <span class='ocrx_word' id='word_1_248' title='bbox 1495 3502 1561 3566; x_wconf 82' lang='lat' dir='ltr'><em>Do</em></span> 
     </span>
     <span class='ocr_line' id='line_1_34' title="bbox 374 3600 1564 3689; baseline 0.005 -23"><span class='ocrx_word' id='word_1_249' title='bbox 374 3603 459 3668; x_wconf 72' lang='lat' dir='ltr'><em>inisti</em></span> <span class='ocrx_word' id='word_1_250' title='bbox 470 3604 598 3669; x_wconf 82' lang='lat' dir='ltr'><em>locntns</em></span> <span class='ocrx_word' id='word_1_251' title='bbox 612 3615 668 3669; x_wconf 90' lang='lat' dir='ltr'><em>est.</em></span> <span class='ocrx_word' id='word_1_252' title='bbox 697 3600 839 3683; x_wconf 88' lang='lat' dir='ltr'><em>Ymnus,</em></span> <span class='ocrx_word' id='word_1_253' title='bbox 856 3605 919 3669; x_wconf 81' lang='lat' dir='ltr'><em>Ad</em></span> <span class='ocrx_word' id='word_1_254' title='bbox 930 3625 1044 3668; x_wconf 76' lang='lat' dir='ltr'><em>cerione</em></span> <span class='ocrx_word' id='word_1_255' title='bbox 1057 3607 1151 3687; x_wconf 77' lang='lat' dir='ltr'><em>ogni.</em></span> <span class='ocrx_word' id='word_1_256' title='bbox 1179 3603 1385 3689; x_wconf 79' lang='lat' dir='ltr'><em>Versiculos,</em></span> <span class='ocrx_word' id='word_1_257' title='bbox 1400 3607 1564 3675; x_wconf 81' lang='lat' dir='ltr'><em>Surrexit</em></span> 
     </span>
     <span class='ocr_line' id='line_1_35' title="bbox 374 3705 1562 3799; baseline 0.003 -25"><span class='ocrx_word' id='word_1_258' title='bbox 374 3708 534 3789; x_wconf 78' lang='lat' dir='ltr'><em>dominns.</em></span> <span class='ocrx_word' id='word_1_259' title='bbox 594 3705 730 3791; x_wconf 79' lang='lat' dir='ltr'><em>Ablnss,</em></span> <span class='ocrx_word' id='word_1_260' title='bbox 761 3716 795 3774; x_wconf 89' lang='lat' dir='ltr'><em>et</em></span> <span class='ocrx_word' id='word_1_261' title='bbox 825 3707 981 3775; x_wconf 86' lang='lat' dir='ltr'><em>sacerdos</em></span> <span class='ocrx_word' id='word_1_262' title='bbox 1011 3708 1189 3776; x_wconf 87' lang='lat' dir='ltr'><em>induantur</em></span> <span class='ocrx_word' id='word_1_263' title='bbox 1218 3711 1334 3799; x_wconf 88' lang='lat' dir='ltr'><em>cappis</em></span> <span class='ocrx_word' id='word_1_264' title='bbox 1366 3710 1409 3778; x_wconf 90' lang='lat' dir='ltr'><em>ad</em></span> <span class='ocrx_word' id='word_1_265' title='bbox 1439 3711 1562 3778; x_wconf 88' lang='lat' dir='ltr'><em>altaria</em></span> 
     </span>
     <span class='ocr_line' id='line_1_36' title="bbox 374 3812 1564 3903; baseline 0.007 -24"><span class='ocrx_word' id='word_1_266' title='bbox 374 3812 632 3884; x_wconf 80' lang='lat' dir='ltr'><em>aronratizanda.</em></span> <span class='ocrx_word' id='word_1_267' title='bbox 686 3813 897 3900; x_wconf 88' lang='lat' dir='ltr'><em>Antiphona,</em></span> <span class='ocrx_word' id='word_1_268' title='bbox 938 3813 1075 3903; x_wconf 79' lang='lat' dir='ltr'><em>Vespere</em></span> <span class='ocrx_word' id='word_1_269' title='bbox 1102 3830 1222 3887; x_wconf 84' lang='lat' dir='ltr'><em>antem.</em></span> <span class='ocrx_word' id='word_1_270' title='bbox 1277 3815 1437 3902; x_wconf 88' lang='lat' dir='ltr'><em>Oremus,</em></span> <span class='ocrx_word' id='word_1_271' title='bbox 1468 3820 1564 3887; x_wconf 86' lang='lat' dir='ltr'><em>Dens</em></span> 
     </span>
     <span class='ocr_line' id='line_1_37' title="bbox 375 3920 1562 4008; baseline 0.005 -22"><span class='ocrx_word' id='word_1_272' title='bbox 375 3925 433 4007; x_wconf 82' lang='lat' dir='ltr'><em>qni</em></span> <span class='ocrx_word' id='word_1_273' title='bbox 452 3923 549 3987; x_wconf 76' lang='lat' dir='ltr'><em>harre.</em></span> <span class='ocrx_word' id='word_1_274' title='bbox 581 3920 726 4005; x_wconf 77' lang='lat' dir='ltr'><em>Expleta</em></span> <span class='ocrx_word' id='word_1_275' title='bbox 741 3929 930 3989; x_wconf 89' lang='lat' dir='ltr'><em>sanctorum</em></span> <span class='ocrx_word' id='word_1_276' title='bbox 955 3922 1121 4008; x_wconf 81' lang='lat' dir='ltr'><em>suffragia,</em></span> <span class='ocrx_word' id='word_1_277' title='bbox 1145 3930 1223 3991; x_wconf 87' lang='lat' dir='ltr'><em>eant</em></span> <span class='ocrx_word' id='word_1_278' title='bbox 1246 3922 1290 3991; x_wconf 89' lang='lat' dir='ltr'><em>ad</em></span> <span class='ocrx_word' id='word_1_279' title='bbox 1314 3930 1465 3991; x_wconf 86' lang='lat' dir='ltr'><em>sanctam</em></span> <span class='ocrx_word' id='word_1_280' title='bbox 1490 3945 1562 3992; x_wconf 90' lang='lat' dir='ltr'><em>eru·</em></span> 
     </span>
     <span class='ocr_line' id='line_1_38' title="bbox 374 4025 1560 4116; baseline 0.007 -25"><span class='ocrx_word' id='word_1_281' title='bbox 374 4046 444 4092; x_wconf 90' lang='lat' dir='ltr'><em>cem</em></span> <span class='ocrx_word' id='word_1_282' title='bbox 467 4025 531 4093; x_wconf 90' lang='lat' dir='ltr'><em>hoc</em></span> <span class='ocrx_word' id='word_1_283' title='bbox 552 4027 794 4112; x_wconf 87' lang='lat' dir='ltr'><em>responsorium</em></span> <span class='ocrx_word' id='word_1_284' title='bbox 817 4028 983 4114; x_wconf 88' lang='lat' dir='ltr'><em>canendo,</em></span> <span class='ocrx_word' id='word_1_285' title='bbox 1011 4032 1103 4098; x_wconf 85' lang='lat' dir='ltr'><em>Dnen</em></span> <span class='ocrx_word' id='word_1_286' title='bbox 1126 4032 1311 4102; x_wconf 84' lang='lat' dir='ltr'><em>transisset.</em></span> <span class='ocrx_word' id='word_1_287' title='bbox 1357 4029 1560 4116; x_wconf 78' lang='lat' dir='ltr'><em>versiculus,</em></span> 
     </span>
     <span class='ocr_line' id='line_1_39' title="bbox 374 4133 1561 4223; baseline 0.006 -24"><span class='ocrx_word' id='word_1_288' title='bbox 374 4135 485 4201; x_wconf 90' lang='lat' dir='ltr'><em>Dicite</em></span> <span class='ocrx_word' id='word_1_289' title='bbox 506 4136 543 4202; x_wconf 88' lang='lat' dir='ltr'><em>in</em></span> <span class='ocrx_word' id='word_1_290' title='bbox 565 4138 759 4204; x_wconf 81' lang='lat' dir='ltr'><em>notionibus.</em></span> <span class='ocrx_word' id='word_1_291' title='bbox 807 4133 935 4218; x_wconf 88' lang='lat' dir='ltr'><em>Oratio,</em></span> <span class='ocrx_word' id='word_1_292' title='bbox 960 4139 1054 4203; x_wconf 87' lang='lat' dir='ltr'><em>Dens</em></span> <span class='ocrx_word' id='word_1_293' title='bbox 1076 4140 1136 4223; x_wconf 79' lang='lat' dir='ltr'><em>qni</em></span> <span class='ocrx_word' id='word_1_294' title='bbox 1155 4139 1207 4205; x_wconf 79' lang='lat' dir='ltr'><em>nd</em></span> <span class='ocrx_word' id='word_1_295' title='bbox 1224 4151 1373 4207; x_wconf 81' lang='lat' dir='ltr'><em>eternam</em></span> <span class='ocrx_word' id='word_1_296' title='bbox 1396 4141 1502 4207; x_wconf 83' lang='lat' dir='ltr'><em>citant</em></span> <span class='ocrx_word' id='word_1_297' title='bbox 1525 4142 1561 4207; x_wconf 86' lang='lat' dir='ltr'><em>in</em></span> 
     </span>
     <span class='ocr_line' id='line_1_40' title="bbox 375 4242 1561 4332; baseline 0.003 -25"><span class='ocrx_word' id='word_1_298' title='bbox 375 4242 497 4307; x_wconf 81' lang='lat' dir='ltr'><em>cirristi</em></span> <span class='ocrx_word' id='word_1_299' title='bbox 516 4246 756 4310; x_wconf 82' lang='lat' dir='ltr'><em>resurreetione</em></span> <span class='ocrx_word' id='word_1_300' title='bbox 778 4265 836 4308; x_wconf 91' lang='lat' dir='ltr'><em>nos</em></span> <span class='ocrx_word' id='word_1_301' title='bbox 852 4255 1056 4329; x_wconf 83' lang='lat' dir='ltr'><em>praeparas.</em></span> <span class='ocrx_word' id='word_1_302' title='bbox 1096 4243 1197 4311; x_wconf 88' lang='lat' dir='ltr'><em>Dicta</em></span> <span class='ocrx_word' id='word_1_303' title='bbox 1218 4244 1293 4331; x_wconf 89' lang='lat' dir='ltr'><em>ipsa</em></span> <span class='ocrx_word' id='word_1_304' title='bbox 1315 4266 1463 4331; x_wconf 84' lang='lat' dir='ltr'><em>uespera,</em></span> <span class='ocrx_word' id='word_1_305' title='bbox 1486 4267 1561 4332; x_wconf 90' lang='lat' dir='ltr'><em>per·</em></span> 
     </span>
    </p>
   </div>
   <div class='ocr_carea' id='block_1_7' title="bbox 197 4343 1560 4441">
    <p class='ocr_par' dir='ltr' id='par_1_8' title="bbox 197 4343 1560 4441">
     <span class='ocr_line' id='line_1_41' title="bbox 197 4343 1560 4441; baseline 0.01 -37"><span class='ocrx_word' id='word_1_306' title='bbox 197 4382 230 4404; x_wconf 65' lang='grc' dir='ltr'><em>ι.</em></span> <span class='ocrx_word' id='word_1_307' title='bbox 247 4364 286 4402; x_wconf 73' lang='lat' dir='ltr'><em>so</em></span> <span class='ocrx_word' id='word_1_308' title='bbox 374 4353 455 4429; x_wconf 75' lang='lat' dir='ltr'><em>gant</em></span> <span class='ocrx_word' id='word_1_309' title='bbox 478 4345 521 4412; x_wconf 89' lang='lat' dir='ltr'><em>ad</em></span> <span class='ocrx_word' id='word_1_310' title='bbox 545 4346 763 4416; x_wconf 81' lang='lat' dir='ltr'><em>reficiendum.</em></span> <span class='ocrx_word' id='word_1_311' title='bbox 811 4348 891 4435; x_wconf 86' lang='lat' dir='ltr'><em>Ipso</em></span> <span class='ocrx_word' id='word_1_312' title='bbox 915 4348 969 4414; x_wconf 87' lang='lat' dir='ltr'><em>die</em></span> <span class='ocrx_word' id='word_1_313' title='bbox 993 4349 1025 4415; x_wconf 92' lang='lat' dir='ltr'><em>in</em></span> <span class='ocrx_word' id='word_1_314' title='bbox 1049 4349 1223 4418; x_wconf 78' lang='lat' dir='ltr'><em>refectorio</em></span> <span class='ocrx_word' id='word_1_315' title='bbox 1244 4350 1273 4441; x_wconf 92' lang='lat'><em>][</em></span> <span class='ocrx_word' id='word_1_316' title='bbox 1296 4343 1473 4437; x_wconf 75' lang='lat' dir='ltr'><em>coopertae</em></span> <span class='ocrx_word' id='word_1_317' title='bbox 1495 4352 1560 4418; x_wconf 90' lang='lat' dir='ltr'><em>sint</em></span> 
     </span>
    </p>
   </div>
   <div class='ocr_carea' id='block_1_8' title="bbox 374 4451 1560 4755">
    <p class='ocr_par' dir='ltr' id='par_1_9' title="bbox 374 4451 1560 4755">
     <span class='ocr_line' id='line_1_42' title="bbox 375 4451 1560 4543; baseline 0.007 -27"><span class='ocrx_word' id='word_1_318' title='bbox 375 4451 509 4518; x_wconf 83' lang='lat' dir='ltr'><em>tabulae</em></span> <span class='ocrx_word' id='word_1_319' title='bbox 532 4462 565 4520; x_wconf 92' lang='lat' dir='ltr'><em>et</em></span> <span class='ocrx_word' id='word_1_320' title='bbox 588 4454 760 4521; x_wconf 73' lang='lat' dir='ltr'><em>cantatam</em></span> <span class='ocrx_word' id='word_1_321' title='bbox 784 4454 924 4537; x_wconf 87' lang='lat' dir='ltr'><em>saciant,</em></span> <span class='ocrx_word' id='word_1_322' title='bbox 956 4464 990 4523; x_wconf 89' lang='lat' dir='ltr'><em>et</em></span> <span class='ocrx_word' id='word_1_323' title='bbox 1020 4457 1243 4541; x_wconf 86' lang='lat' dir='ltr'><em>praestantius</em></span> <span class='ocrx_word' id='word_1_324' title='bbox 1265 4455 1430 4540; x_wconf 86' lang='lat' dir='ltr'><em>habeant,</em></span> <span class='ocrx_word' id='word_1_325' title='bbox 1460 4478 1560 4543; x_wconf 85' lang='lat' dir='ltr'><em>quam</em></span> 
     </span>
     <span class='ocr_line' id='line_1_43' title="bbox 375 4558 1560 4645; baseline 0.006 -22"><span class='ocrx_word' id='word_1_326' title='bbox 375 4560 514 4624; x_wconf 82' lang='lat' dir='ltr'><em>caeteris</em></span> <span class='ocrx_word' id='word_1_327' title='bbox 544 4558 659 4627; x_wconf 87' lang='lat' dir='ltr'><em>diebus</em></span> <span class='ocrx_word' id='word_1_328' title='bbox 688 4563 737 4628; x_wconf 91' lang='lat' dir='ltr'><em>nsi</em></span> <span class='ocrx_word' id='word_1_329' title='bbox 767 4560 910 4628; x_wconf 82' lang='lat' dir='ltr'><em>fucrant.</em></span> <span class='ocrx_word' id='word_1_330' title='bbox 958 4562 1153 4630; x_wconf 68' lang='lat' dir='ltr'><em>standarum</em></span> <span class='ocrx_word' id='word_1_331' title='bbox 1183 4586 1222 4630; x_wconf 89' lang='lat' dir='ltr'><em>eo</em></span> <span class='ocrx_word' id='word_1_332' title='bbox 1252 4563 1307 4631; x_wconf 78' lang='lat' dir='ltr'><em>clia</em></span> <span class='ocrx_word' id='word_1_333' title='bbox 1333 4562 1560 4645; x_wconf 76' lang='lat' dir='ltr'><em>consociant,</em></span> 
     </span>
     <span class='ocr_line' id='line_1_44' title="bbox 374 4663 1262 4755; baseline 0.01 -27"><span class='ocrx_word' id='word_1_334' title='bbox 374 4663 450 4749; x_wconf 86' lang='lat' dir='ltr'><em>quia</em></span> <span class='ocrx_word' id='word_1_335' title='bbox 473 4667 585 4750; x_wconf 72' lang='lat' dir='ltr'><em>spuma</em></span> <span class='ocrx_word' id='word_1_336' title='bbox 612 4666 693 4733; x_wconf 83' lang='lat' dir='ltr'><em>seria</em></span> <span class='ocrx_word' id='word_1_337' title='bbox 715 4673 884 4753; x_wconf 86' lang='lat' dir='ltr'><em>peractum</em></span> <span class='ocrx_word' id='word_1_338' title='bbox 908 4676 958 4734; x_wconf 86' lang='lat' dir='ltr'><em>cst</em></span> <span class='ocrx_word' id='word_1_339' title='bbox 982 4669 1045 4735; x_wconf 85' lang='lat' dir='ltr'><em>‹leo</em></span> <span class='ocrx_word' id='word_1_340' title='bbox 1067 4667 1262 4755; x_wconf 85' lang='lat' dir='ltr'><em>opitulante.</em></span> 
     </span>
    </p>
   </div>
   <div class='ocr_carea' id='block_1_9' title="bbox 0 0 1903 5375">
    <p class='ocr_par' dir='ltr' id='par_1_10' title="bbox 0 0 1903 5375">
     <span class='ocr_line' id='line_1_45' title="bbox 0 0 1903 5375; baseline 0 0"><span class='ocrx_word' id='word_1_341' title='bbox 0 0 1903 5375; x_wconf 95' lang='lat' dir='ltr'><em> </em></span> 
     </span>
    </p>
   </div>
  </div>
 </body>
</html>
