3792 5375
925 500 1147 561 ..33-

450 693 592 779 singulas
614 691 732 760 mittat.
779 690 859 757 Mox
884 699 918 755 ut
935 690 1089 756 sacerdos
1102 690 1238 757 calicem
1255 700 1354 777 atquo
1369 690 1513 758 hostiam
1528 690 1627 757 collo·

449 809 555 867 catum
586 818 683 886 super
712 818 804 879 uram
833 796 985 863 habuerit
1016 796 1133 865 deinde
1167 797 1410 866 iucaeuseutur.
1457 797 1552 864 Turne
1579 797 1626 863 illi

447 904 639 991 irrumpenti,
672 904 726 988 qui
751 902 1008 970 benedictionem
1032 912 1131 988 atque
1155 911 1295 970 tractum
1319 903 1482 987 dixerunt,
1507 924 1628 971 exuere

448 1034 481 1078 se
504 1010 680 1078 admodum
705 1031 845 1091 corrgrue
869 1018 1015 1094 possunt.
1062 1010 1184 1076 Pacem
1215 1020 1324 1076 utitem
1356 1032 1439 1077 unus
1471 1010 1626 1096 accipiat.

447 1118 519 1204 Qua
543 1126 681 1204 accepta
702 1125 799 1181 excat
821 1124 915 1182 extra
938 1116 1090 1198 chorum3
1121 1139 1216 1202 quem
1240 1117 1378 1201 primum
1403 1139 1443 1184 ex
1465 1117 1559 1183 laicis
1581 1116 1627 1184 lbi

447 1226 601 1291 inuenerit
625 1244 699 1291 cum
723 1244 762 1288 eo
784 1244 898 1307 pacem
922 1222 1022 1289 faciat
1045 1233 1077 1289 et
1101 1222 1214 1289 redeat
1246 1225 1281 1289 in
1304 1223 1449 1293 oliorum.
1496 1223 1627 1290 Dehine

447 1331 599 1416 quicquid
623 1329 656 1396 in
681 1327 891 1396 sabbatorum
914 1329 999 1395 diem
1023 1330 1122 1395 amris
1152 1338 1219 1411 est,
1258 1339 1296 1396 ut
1324 1352 1425 1415 supra
1447 1329 1626 1413 intulimus,

447 1437 493 1503 ita
515 1446 627 1524 agant.

535 1541 648 1615 XLV.
671 1540 755 1611 Cum
779 1541 939 1609 festivitas
962 1542 1074 1629 aliqua

447 1650 629 1718 celebretur
650 1650 683 1717 in
707 1648 959 1735 ‹puadragcsima
979 1661 1053 1736 post
1078 1672 1231 1739 resperas
1254 1650 1296 1717 de
1320 1649 1469 1718 omuibus
1493 1650 1627 1734 sanetis,

447 1757 557 1824 dicant
587 1777 741 1844 resperas
770 1777 829 1841 pro
853 1753 1023 1823 defunctis
1069 1761 1163 1826 Deus
1185 1761 1326 1825 auribus
1347 1765 1382 1826 et
1412 1760 1520 1826 Verba
1543 1783 1626 1826 orreo.

446 1862 481 1931 Si
505 1864 576 1930 dies
599 1884 665 1932 non
687 1861 785 1931 tuerit
807 1868 885 1948 post
907 1885 947 1929 ea
969 1872 1177 1932 revertantur
1198 1864 1243 1932 ad
1258 1865 1389 1938 lectula.
1425 1864 1482 1932 Ad
1497 1866 1627 1951 primun

446 1981 554 2038 autem
582 1976 734 2051 cantent,
774 1972 866 2036 Deus
895 1971 930 2038 in
962 1974 1164 2063 offertorium
1192 1996 1299 2040 roseum
1322 1980 1356 2040 el
1377 1975 1542 2041 Miserere
1564 1975 1631 2039 rreci

446 2081 524 2145 detes
553 2100 615 2164 pro
645 2074 818 2158 defunctis,
849 2080 911 2143 Ad
929 2079 1095 2145 domiuum
1119 2103 1192 2147 cerere
1214 2081 1400 2147 tribularer
1422 2085 1457 2144 et
1479 2081 1534 2146 De
1550 2093 1628 2167 pro·

438 2189 569 2269 srerrdis,
595 2182 693 2253 Vnt·
723 2181 866 2269 psalmos
896 2190 928 2249 et
952 2182 1140 2251 laetaniam.
1185 2184 1266 2252 Post
1289 2184 1469 2272 capitulum
1492 2194 1629 2253 cantent

447 2290 583 2358 xxxa
612 2288 774 2378 psalmos,
817 2289 934 2374 quibus
969 2291 1063 2357 trinis
1097 2291 1228 2358 dicatur
1261 2291 1368 2377 gloria
1396 2291 1485 2378 patri
1524 2313 1629 2378 usquo

445 2403 570 2467 Baetae
592 2421 733 2487 quoram
756 2396 894 2464 ethaeo
917 2397 1081 2484 capitula:
1111 2398 1251 2467 Ostende
1273 2402 1376 2468 roobia.
1421 2400 1502 2468 Esto
1524 2400 1626 2470 nobis.

446 2509 575 2574 liemor
595 2518 672 2575 esto.
719 2506 861 2573 Domine
890 2508 1003 2571 soloos
1024 2510 1102 2593 soc.
1149 2509 1272 2576 Salvos
1297 2513 1366 2593 soc
1398 2529 1512 2575 ser-tros
1545 2519 1627 2574 tuos.
1688 2538 1689 2541 ¹

446 2614 525 2680 Rae
540 2627 623 2700 pax.
670 2612 835 2681 Dorru'ures
863 2612 1038 2680 vobiscum.
1083 2614 1178 2681 Deus
1206 2637 1229 2680 a
1258 2637 1322 2702 quo
1342 2625 1470 2681 sancto.
1518 2613 1628 2681 Omni·

438 2732 553 2808 potens
574 2724 794 2808 sempiternae
815 2719 910 2799 dese·
928 2724 988 2808 qui
997 2724 1105 2806 sacis.
1152 2723 1316 2789 Pretende
1345 2724 1434 2789 deas.
1482 2724 1629 2789 Absolve

363 2915 366 2922 y
445 2830 582 2897 dorium.
622 2826 831 2915 Otrerrr'poteas
853 2828 1070 2914 serrrpiternae
1092 2829 1182 2910 deas,
1206 2831 1266 2916 qui
1286 2831 1451 2898 vivorum.
1496 2827 1628 2895 Deinde

446 2932 581 3002 sedeant
604 2934 640 3000 in
663 2931 808 3000 claustro
838 2953 911 2998 cum
941 2932 1087 3016 silentio,
1116 2933 1146 3020 }[
1173 2956 1310 3019 cumque
1341 2934 1506 3020 pulsatum
1530 2933 1628 3000 tuerit

446 3041 570 3125 siguum
606 3040 649 3107 ad
684 3037 815 3108 tertiam
846 3040 1013 3106 venientes
1046 3040 1081 3106 in
1115 3040 1294 3107 oratorium
1323 3041 1475 3127 prirmtua
1503 3039 1629 3108 saciant

445 3148 635 3215 orationem.
682 3145 808 3214 Postea
834 3145 1031 3228 vestiantur,
1062 3146 1215 3213 sacerdos
1239 3155 1271 3214 et
1294 3146 1416 3215 laesita
1438 3146 1489 3215 sel
1512 3147 1628 3233 omnis,

446 3255 501 3339 qui
523 3254 624 3340 pn'on'
647 3250 856 3322 hebdomada
879 3251 923 3318 ad
955 3253 1095 3319 otlicium
1125 3253 1256 3321 fuerant
1286 3253 1444 3336 ordinati,
1478 3254 1535 3340 qui
1563 3254 1629 3343 ipsi

445 3362 669 3429 matutinalem
704 3358 856 3443 missam,
895 3381 979 3444 quac
1013 3359 1055 3425 de
1090 3358 1269 3428 testivitate
1307 3359 1529 3430 caelebranda
1566 3370 1628 3447 est,

447 3468 560 3534 sestius
583 3466 733 3554 debcrrt¹l
756 3486 912 3550 peragere
936 3475 971 3533 et
994 3487 1106 3533 omnes
1129 3466 1258 3548 fratres,
1283 3467 1338 3553 qui
1354 3477 1547 3555 praesentes
1563 3471 1630 3537 sint

445 3575 487 3641 ad
511 3597 625 3661 pacem
650 3573 770 3642 renue.
816 3571 899 3638 Post
921 3572 1053 3639 missam
1076 3595 1167 3654 sero,
1191 3575 1369 3641 secretario
1393 3585 1541 3644 vertente
1563 3575 1629 3644 ior·

445 3680 561 3766 mulas,
585 3681 628 3748 ud
651 3689 779 3748 sextum
803 3677 978 3745 flectantur
1000 3701 1107 3765 genua
1130 3679 1173 3746 ad
1196 3681 1378 3748 orationem
1402 3690 1435 3749 et
1451 3681 1630 3750 familiares

445 3787 563 3873 psalmi
596 3811 658 3875 pro
685 3785 767 3854 risis
794 3784 844 3851 uel
874 3783 1037 3852 defunctis
1072 3786 1122 3852 rel
1152 3788 1249 3854 etiam
1286 3809 1347 3874 pro
1377 3789 1561 3875 semetipsis
1585 3789 1629 3857 ad

446 3903 586 3976 sextum,
620 3915 742 3961 nonum
766 3891 816 3956 sel
838 3913 1017 3978 uesperam.
1063 3894 1146 3960 Post
1174 3915 1295 3961 nonam
1319 3916 1396 3962 vero
1418 3916 1485 3962 non
1507 3894 1630 3965 debent

446 4000 554 4069 dicere
582 4001 778 4079 laetaniam,
816 3998 898 4065 sieut
929 4000 1001 4065 aliis
1022 4000 1159 4086 priuatis
1183 3999 1297 4068 diebus
1321 4000 1454 4069 solitum
1477 4008 1630 4071 estante

445 4109 578 4174 missam
611 4115 748 4195 propter
782 4103 1004 4176 festivitatem.
1061 4106 1273 4177 Solummodo
1312 4107 1353 4174 de
1387 4108 1516 4194 jejunio
1554 4130 1627 4175 oum

446 4212 590 4280 collectis
620 4211 796 4282 cotidianis
819 4221 852 4279 ct
876 4235 959 4279 unus
982 4219 1114 4302 offerat,
1146 4239 1231 4283 renus
1240 4215 1268 4302 ¹)
1291 4235 1406 4300 pacem
1429 4213 1630 4302 accipisset

446 4328 520 4406 post
544 4343 712 4408 vesperam
736 4319 779 4387 de
800 4318 975 4387 festivitate
991 4319 1083 4387 flexis
1098 4328 1208 4387 tamen
1224 4320 1269 4388 ad
1284 4320 1465 4389 orationem
1480 4319 1628 4406 genibus.

447 4427 514 4493 Sed
537 4436 570 4494 et
593 4447 750 4515 resperas
772 4448 832 4511 pro
855 4424 1018 4493 defunctis
1041 4428 1173 4497 omniuo
1204 4448 1271 4494 uon
1301 4426 1424 4494 debent
1454 4426 1628 4495 diudtters.

498 4583 693 4731 3αῶ
