3792 5375
787 467 1011 529 ..15-

301 665 438 749 allrlrp'a
461 658 654 747 persolvant
676 668 710 725 et
733 658 843 727 omnia
866 658 979 725 dicant
1002 657 1043 724 de
1067 656 1231 725 dominico
1247 656 1311 725 die.
1350 656 1409 724 Ad
1424 676 1494 724 ree·

302 789 401 854 peras
424 765 618 852 antiphona,
644 769 675 833 Τ
672 790 763 833 eciam
779 769 986 854 prirrcipium
1010 771 1044 830 ot
1066 763 1169 846 aliae,
1192 785 1278 851 quae
1302 769 1494 850 sequuntur,

302 896 387 960 quas
409 874 503 959 pueri
528 874 749 960 pronuntient.
783 871 1041 957 Respousorr‘um
1057 879 1091 937 et
1108 875 1351 939 Bcacdehamus
1367 872 1497 939 danaim

303 981 337 1047 iu
359 1002 418 1046 suo
440 979 514 1046 loco
539 979 628 1045 dicat
654 1001 738 1045 unus
761 1002 802 1045 ex
825 979 915 1064 ipsis.
955 977 1151 1063 Antiphone
1174 977 1216 1043 ad
1235 975 1433 1064 hlaguiticut
1455 975 1496 1044 de

304 1086 474 1172 evaugelio
496 1085 601 1172 ipsius
626 1086 688 1151 diei
706 1086 845 1165 dicatur,
869 1088 962 1152 Puer
978 1087 1090 1163 Jcsus.
1130 1083 1347 1151 Postmodum
1371 1083 1496 1169 recepi·

304 1193 411 1260 tulent
427 1194 645 1279 antiphonam
658 1193 780 1260 domini
793 1192 898 1258 nostri
910 1189 1086 1257 salvatoris
1098 1200 1132 1257 et
1144 1192 1340 1275 orationum,
1353 1194 1497 1258 Praesta

304 1324 503 1389 qrcarsrmms
525 1305 727 1387 ernrrr'potens
750 1302 844 1380 deris,
870 1311 907 1365 ut
927 1309 1037 1366 tratres.
1077 1296 1135 1363 Ad
1160 1299 1336 1365 stationem
1357 1303 1498 1384 pergant

305 1408 348 1474 ad
372 1414 522 1473 sanctam
547 1406 684 1472 niariam
708 1428 782 1471 rum
806 1404 993 1490 antiphone·
1010 1404 1114 1490 ipsius
1135 1403 1266 1474 beatae

395 1513 505 1582 ΧΙΧ.
544 1513 632 1579 Item
656 1512 697 1578 de
719 1513 794 1597 ipsa
810 1511 1040 1593 celebratione,
1064 1531 1151 1596 quae
1166 1509 1204 1577 fit
1217 1510 1355 1598 privatis
1371 1499 1497 1581 diebos

395 1619 493 1687 Infra
515 1628 669 1688 octavam
691 1618 815 1686 domini
838 1620 872 1685 in
896 1618 1070 1686 cotidianis
1094 1617 1220 1696 diebus.
1256 1617 1499 1701 Inritutorium,

308 1730 462 1798 Christus
484 1738 584 1794 tratas
607 1741 663 1795 est.
704 1726 782 1793 Duo
806 1727 901 1810 signa
922 1724 1055 1811 pnlsent
1077 1724 1121 1792 ad
1145 1724 1364 1811 expletionem
1379 1724 1501 1793 cantici

307 1833 479 1921 graduum.
515 1833 631 1901 Primo
647 1842 680 1900 et
695 1832 840 1900 seeundo
857 1840 1018 1900 nocturno
1034 1832 1250 1919 antiphonam
1268 1831 1363 1919 pueri
1378 1830 1500 1912 dicant,

309 1962 379 2008 une
401 1948 532 2007 tantum
555 1963 617 2027 per
639 1938 795 2027 singulos.
842 1938 926 2024 Tres
949 1939 1087 2007 candele
1110 1946 1188 2006 aute
1211 1960 1316 2021 aram,
1339 1960 1439 2006 unum
1461 1960 1502 2005 ex

308 2050 360 2116 his
383 2050 416 2114 in
440 2048 625 2135 posteriore
648 2055 743 2134 parte
765 2054 920 2134 ponatur.
967 2046 1185 2132 Evangelium
1216 2068 1283 2115 nou
1312 2046 1502 2133 pronuntie-

309 2156 408 2223 bitur.
439 2154 617 2222 Lectiones
632 2153 744 2239 legant
768 2153 809 2221 de
833 2153 984 2241 apostolo
1007 2155 1262 2240 responsorium,
1286 2155 1440 2241 Angelus
1457 2156 1507 2221 ad
1551 2242 1553 2245 ι

302 2277 468 2351 pastores.
509 2260 550 2330 In
574 2262 719 2328 secundo
743 2268 904 2328 nocturno
928 2282 1001 2326 cum
1019 2259 1182 2327 medietas
1197 2282 1240 2327 ex
1253 2258 1391 2347 psalmis
1405 2259 1503 2327 luerit

309 2369 474 2456 perfinita,
492 2375 678 2454 augeantur
692 2376 760 2434 tres
777 2368 864 2434 cerei
881 2374 915 2434 et
930 2365 1045 2433 tabula
1061 2366 1333 2453 discooperiatur.
1360 2366 1504 2435 Peracto

310 2477 452 2561 deniqne
475 2475 663 2543 nocturnali
686 2474 856 2559 obsequio,
880 2474 991 2540 omnia
1014 2475 1108 2558 signa
1131 2474 1306 2560 pulsentur
1320 2479 1355 2541 et
1369 2480 1504 2541 cantent

310 2582 426 2650 laudes
450 2583 642 2650 uratutinas.
682 2582 735 2647 Ex
757 2581 835 2647 hinc
851 2581 971 2648 iratres
985 2580 1208 2648 officionarius
1224 2579 1325 2648 debet
1337 2580 1505 2668 imponere

311 2691 539 2777 antiphonam.
575 2690 754 2774 Inprimis
777 2690 811 2754 in
835 2687 1005 2773 hocloco,
1029 2691 1184 2773 Angelus
1198 2692 1250 2756 ad
1260 2703 1427 2777 pastores.
1462 2686 1529 2756 In,

311 2798 401 2864 horis
417 2797 567 2863 similiter
582 2797 657 2881 ipsa
670 2803 810 2882 promat.
842 2795 940 2862 Alias
959 2796 1171 2882 antiphonae,
1195 2817 1282 2882 quae
1297 2796 1504 2868 conveniunt.

310 2903 476 2971 Sacerdos
505 2904 540 2968 in
568 2902 646 2969 alba
677 2925 752 2969 cum
783 2902 921 2970 incensu
952 2903 1133 2970 circumeat
1165 2902 1298 2971 alteria.
1347 2901 1406 2970 Ad
1432 2925 1505 2990 pro·

311 3011 493 3077 cessionem
515 3018 658 3095 pergant
681 3010 724 3076 ad
749 3015 899 3076 sanctam
922 3011 1071 3079 mariam.
1117 3009 1301 3096 Postquam
1325 3011 1506 3078 matutinas

311 3117 356 3183 ibi
382 3116 527 3184 dixerint
556 3115 598 3183 de
629 3116 778 3185 omnibus
802 3118 926 3183 sanctis
948 3118 1035 3199 sire,
1065 3119 1174 3185 Verba
1197 3143 1272 3186 mea
1298 3123 1507 3186 revertentur
1522 3157 1526 3164 ·
1570 3103 1600 3137 ’”“
1632 3103 1637 3110 ’
1663 3100 1705 3140 ·“’

311 3226 345 3289 io
362 3222 603 3292 dormitorium.
630 3223 722 3290 Ante
737 3224 877 3310 primam
894 3223 1070 3291 sustollant
1081 3230 1192 3291 textus
1207 3224 1378 3310 evangelii,
1394 3223 1506 3312 pallia,

313 3329 473 3416 sastergia
495 3350 626 3398 necnon
650 3336 684 3397 et
708 3339 822 3416 cretos
845 3331 886 3398 de
910 3330 1059 3398 ccclesia
1102 3318 1144 3396 Io
1170 3331 1316 3417 capitulo
1339 3330 1507 3420 legator][

312 3436 492 3521 evangeliis
516 3436 640 3504 domiui
664 3437 786 3504 natalis
808 3436 953 3504 homelia
968 3436 1066 3524 quale
1081 3437 1245 3506 voluerint
1261 3439 1302 3505 de
1317 3437 1394 3505 illis.
1425 3437 1507 3506 Die·

314 3543 388 3611 illos
412 3542 640 3629 sollempniter
662 3553 781 3629 agant,
804 3566 871 3613 non
895 3552 1030 3612 sonetur
1049 3543 1169 3634 tabula
1190 3567 1254 3613 nec
1271 3544 1452 3631 loquantur
1471 3543 1508 3611 iu

313 3650 476 3732 claustro,
501 3651 560 3717 sed
584 3673 662 3718 mox
685 3659 723 3717 ut
745 3653 966 3736 surrexerint,
997 3651 1171 3737 provideat
1193 3653 1417 3738 unusquisque
1440 3651 1508 3719 suis

314 3756 494 3841 indigeriis.
541 3756 796 3824 Aelamautibus
827 3758 979 3826 manibus
1007 3766 1085 3826 eant
1108 3766 1291 3845 racentque
1313 3757 1508 3827 lectionibus

314 3865 349 3930 iu
373 3864 523 3932 ecclesia.
564 3862 647 3930 Cum
661 3870 772 3931 custos
795 3865 978 3932 insonuerit
1000 3864 1139 3950 signum,
1162 3864 1289 3932 saciant
1303 3864 1508 3953 deprecatio·

315 3992 390 4037 nem
420 3976 455 4037 et
485 3975 589 4054 agant
619 3971 753 4036 missam
784 3972 1032 4053 matutinalem
1066 3972 1130 4039 hac
1153 3972 1275 4040 deinde
1298 3972 1343 4043 ed
1365 3971 1509 4040 Sanctus

315 4078 537 4144 revestiantur
551 4076 611 4160 illi,
632 4077 687 4161 qui
703 4077 848 4145 osticium
864 4100 962 4163 agere
976 4078 1109 4147 debent
1146 4076 1243 4147 Sicut
1254 4101 1330 4148 mox
1338 4080 1364 4166 ¹)
1380 4080 1415 4147 in
1430 4079 1508 4148 duo·

316 4183 422 4251 decim
445 4182 654 4252 lectionibus.
689 4183 747 4249 Ad
771 4206 925 4270 resperas
948 4184 1140 4271 antiphona,
1156 4189 1275 4254 Tecum
1291 4188 1509 4275 principem

408 4290 495 4359 XX.
521 4290 718 4357 Festiritate
742 4290 857 4359 Sancti
880 4289 1029 4360 Silvestri
1052 4291 1119 4360 duo
1141 4293 1209 4360 sint

408 4397 518 4465 restiti
541 4397 637 4466 albis.
676 4395 733 4464 Ad
757 4398 980 4466 invitatorium
1001 4398 1162 4467 lectiones
1185 4408 1287 4488 atque
1302 4400 1510 4488 responsoria

318 4553 536 4563 -—-..-—-—-

409 4630 431 4700 ¹)
450 4629 572 4688 rom:
591 4645 658 4686 moe.
