3792 5375
758 513 976 575 ..51-

281 710 411 781 abluite,
435 705 570 790 imipiat
587 704 704 786 legere.
743 703 827 770 Cum
844 706 970 771 uerterit
993 705 1037 771 ad
1060 704 1150 769 illum
1173 703 1280 771 locuni
1304 702 1359 770 nbi
1382 702 1464 770 dioi-

281 826 344 890 tur,
368 816 508 897 ,tingite
530 834 642 878 raarus
667 815 753 892 luia,
779 819 913 877 sanetur
936 810 1062 892 tabula,
1082 810 1259 896 taliterque
1283 809 1463 895 procedant

281 922 323 988 ad
345 921 567 987 refectorium:
594 920 624 983 in
642 919 755 1004 primis
771 918 958 999 :irralagium
976 927 1007 983 et
1024 918 1204 985 turibulum
1222 940 1295 983 cunr
1318 918 1462 998 incensu,

281 1029 397 1093 deliine
422 1027 477 1093 alii
506 1025 571 1092 diro
601 1048 674 1091 eum
706 1024 929 1107 candelabris,
955 1025 1113 1092 diaconus
1136 1026 1169 1091 in
1193 1024 1301 1092 medio
1324 1024 1462 1091 illorum.

282 1135 410 1201 Deinde
445 1133 498 1200 alii
532 1132 597 1199 diro
625 1144 655 1197 et
682 1131 763 1197 duo:
796 1131 939 1198 infantes
971 1133 1091 1218 quippe
1122 1132 1155 1198 in
1185 1132 1361 1198 nouissimo
1391 1131 1464 1199 loco

282 1244 413 1308 veniant
444 1250 519 1306 aute
551 1239 714 1304 abbatem.
762 1239 1035 1305 Peruenieutilms
1054 1240 1165 1325 itaque
1188 1240 1222 1305 in
1246 1237 1463 1321 relectorium,

283 1350 419 1415 alumnus
443 1347 546 1413 abbas
570 1354 601 1412 et
626 1346 730 1431 prior,
756 1345 1020 1411 ministrantibus
1051 1347 1114 1429 eis,
1138 1345 1256 1431 quibus
1284 1345 1466 1430 injunctum

283 1458 380 1522 tuerit
403 1454 570 1534 tratribus,
595 1452 714 1519 dantes
737 1452 927 1519 osculentur
942 1475 1060 1519 ritanus
1083 1474 1207 1536 eorum,
1231 1459 1264 1519 et
1286 1451 1465 1518 infantibus

283 1563 441 1628 sirriiliter.
488 1560 648 1626 Lectione
679 1569 788 1625 autem
820 1561 1015 1641 toreumata,
1046 1559 1205 1626 diaconus
1236 1558 1350 1625 ablata
1380 1557 1463 1625 stola

283 1694 355 1737 rum
380 1670 463 1751 aliis,
488 1668 542 1752 qm
567 1674 642 1732 aurit
667 1669 699 1732 iu
717 1666 810 1743 albis,
835 1666 879 1733 ad
904 1666 1052 1733 talmlam
1068 1667 1181 1733 domni
1200 1665 1333 1733 abbatis
1349 1664 1464 1733 seden-

284 1788 351 1863 tes,
379 1784 490 1863 potum
516 1774 665 1840 similiter
688 1775 871 1859 caecutiant,
903 1782 935 1839 et
967 1773 1094 1844 bibant.
1140 1773 1225 1841 Cum
1255 1772 1332 1841 inde
1360 1795 1465 1840 rerer·

284 1894 398 1951 tuntur
421 1882 463 1949 ad
488 1880 691 1961 aecclesiam,
715 1882 937 1966 rrnrrsquisqne
956 1881 1068 1948 stetin
1085 1903 1145 1948 suo
1160 1880 1233 1948 loeo
1249 1881 1335 1948 versi
1351 1889 1464 1947 contra

284 1994 457 2069 orientem3
477 1992 613 2073 juvenes
637 1988 680 2053 ad
704 1988 826 2055 formas
847 1997 954 2070 stent,
978 1996 1115 2055 cantent
1137 1987 1384 2075 completorium
1406 1986 1466 2054 sub

284 2099 412 2166 silentio
436 2097 656 2184 mmsmiisque
679 2118 740 2182 per
762 2117 808 2162 se.

373 2204 447 2272 ΙΝ.
486 2205 527 2271 Iu
558 2204 743 2270 Paraseere
773 2203 910 2269 totidem
948 2204 1014 2269 siut
1046 2224 1206 2270 accensae
1236 2202 1394 2270 eandelae
1423 2202 1467 2270 ad

285 2323 470 2393 nocturnas,
494 2312 580 2397 qnod
604 2311 723 2398 psalmi
740 2319 815 2377 snm
831 2309 1019 2396 imponendi
1043 2318 1078 2377 et
1099 2309 1284 2397 qaindecim
1307 2309 1467 2398 gradum

285 2420 427 2507 psalmos
465 2418 525 2483 sub
554 2419 682 2486 silentio
714 2419 875 2486 dicantur.
931 2415 1061 2502 Quibus
1091 2419 1189 2485 dietis
1219 2422 1470 2506 perstrepentur

285 2527 418 2594 tabulae
434 2526 504 2591 loco
521 2527 687 2607 signorum
702 2528 736 2592 in
752 2526 908 2592 claustro.
942 2525 1058 2593 Lectio
1074 2527 1117 2593 ad
1134 2525 1272 2612 vigilias,
1295 2528 1342 2594 Et
1361 2549 1468 2596 recor·

286 2642 366 2703 data
382 2646 431 2702 rs!
445 2637 656 2711 hierusalem,
664 2634 697 2684 (⁸)
720 2656 759 2700 cx
778 2633 945 2704 hieremia.
986 2634 1028 2700 Iu
1044 2634 1200 2720 secunda,
1218 2636 1468 2706 Considerautcs
1502 2646 1524 2683 ‘³

286 2743 440 2827 aratrm,¹)
474 2765 513 2806 ex
551 2748 696 2808 tractatu
734 2742 822 2808 beati
854 2742 1032 2828 augustini.
1084 2740 1231 2809 Tertium
1262 2741 1467 2810 Nocturnum

285 2853 415 2935 legatur
438 2849 479 2914 ‹le
502 2849 642 2936 epistola
662 2848 705 2914 nd
729 2848 879 2932 hebreos,
904 2852 1108 2917 Festinamus
1130 2854 1268 2938 ingredi
1272 2848 1322 2931 ;(“)
1343 2848 1469 2936 reliqua

287 2959 351 3024 alia
376 2959 459 3023 sieut
483 2978 592 3043 supra.
639 2956 703 3022 Die
733 2957 798 3022 ista
820 2956 871 3024 rel
895 2956 1038 3023 sabbato
1060 2956 1161 3023 boras
1184 2956 1246 3024 sub
1269 2955 1399 3026 silentio
1422 2955 1468 3022 di·

286 3075 403 3133 cantur
425 3064 591 3149 regulares
615 3064 715 3130 versis
739 3062 882 3129 vultibus
905 3063 950 3129 ad
975 3063 1091 3131 altare.
1121 3064 1269 3132 Jrrrenes
1285 3062 1330 3131 ad
1348 3063 1470 3132 formas

287 3182 392 3239 stent:
425 3177 587 3239 llorar'aas
616 3175 782 3238 rubricam
814 3192 976 3257 nusquam
1005 3172 1137 3238 dicatur
1167 3170 1396 3258 perhendiem3
1426 3169 1470 3238 ad
1558 3173 1562 3178 ’

286 3282 424 3366 prienam
449 3280 580 3344 amiam
611 3278 802 3358 discaltiati,
833 3300 932 3365 quam
962 3279 1075 3346 dicant
1102 3279 1164 3345 sub
1187 3278 1327 3347 silentio.
1373 3279 1470 3346 Anti·

287 3387 429 3474 plionam
453 3407 492 3450 ex
516 3385 683 3469 evaugelio
707 3387 808 3472 ipsius
832 3386 908 3469 diei,
932 3387 1019 3453 sicut
1041 3386 1112 3452 dies
1136 3384 1193 3452 illa
1215 3385 1259 3453 ad
1282 3384 1382 3454 boras
1397 3408 1470 3472 pro·

288 3499 433 3561 auserunt
464 3491 504 3556 cle
533 3493 616 3572 suis3
645 3493 692 3559 ita
722 3501 756 3559 et
785 3493 925 3559 sabbato
955 3477 1071 3560 sancto
1096 3493 1137 3559 de
1161 3494 1364 3581 proprianeis
1388 3493 1471 3560 anti·

288 3600 406 3686 phanis
435 3606 685 3683 prosequantur.
739 3599 822 3666 Post
856 3602 996 3686 primam
1027 3599 1141 3668 dicant
1172 3609 1298 3689 septem
1327 3600 1472 3687 psalmos

288 3705 501 3772 comnmniter
524 3713 556 3770 et
579 3704 734 3775 laetania.
771 3708 943 3774 Exeuntes
967 3708 1193 3788 communiter,
1218 3708 1337 3775 fratrea
1360 3708 1473 3776 dicant

288 3814 320 3878 iu
335 3811 513 3878 claustrum
529 3811 722 3896 psalterium
737 3836 778 3879 ex
794 3815 932 3899 integro,
956 3817 1109 3882 Laredate
1124 3817 1304 3883 Dominam
1320 3817 1471 3883 decadis

288 3940 402 4004 usquc.
437 3915 503 3983 Sed
528 3925 561 3984 et
577 3918 719 3985 infantes
735 3942 808 3986 cum
831 3922 997 4005 magistris
1013 3921 1163 3988 similiter
1177 3921 1312 3991 faciant.
1342 3919 1472 3990 Corona

289 4033 322 4092 et
346 4047 458 4091 onmes
480 4047 593 4091 curces
624 4027 908 4113 discooperiantur
938 4036 1016 4095 ante
1038 4030 1183 4095 tertiam.
1229 4026 1309 4094 Istis
1332 4050 1472 4117 namquo

289 4131 694 4218 dnobusdiebus‚1uajus
718 4135 776 4200 liat
787 4135 1006 4218 intervallum,
1030 4157 1130 4223 quam
1153 4134 1241 4202 soliti
1265 4144 1341 4203 aunt
1365 4158 1471 4221 agere.

378 4237 460 4305 Post
483 4260 601 4305 ironam
625 4261 702 4306 rero
726 4242 909 4308 vestiantur
925 4242 992 4308 albi
1016 4243 1072 4324 illi,
1096 4243 1152 4330 qui
1168 4242 1359 4329 obsequium
1376 4264 1472 4328 agera

290 4345 411 4412 debent
441 4344 618 4412 aecclesiae
648 4355 681 4414 et
702 4343 730 4437 ][
750 4347 893 4414 infantes
921 4349 992 4416 toti.
1046 4349 1301 4417 Revertentibus
1330 4372 1371 4417 ex
1399 4350 1472 4436 igne
1559 4356 1660 4399 Μ’

289 4510 394 4519 -..---
427 4510 503 4517 m..-

380 4594 402 4667 ¹)
422 4594 536 4650 Rasum.
573 4596 604 4650 lu
624 4600 717 4652 textu:
743 4596 798 4652 alia
824 4613 920 4652 uranus
940 4596 1083 4668 adjunxit:
1102 4598 1154 4654 l'el
1172 4614 1207 4654 ex
1225 4599 1375 4671 psalmmnr
1393 4601 1472 4662 Deus.

289 4686 351 4736 dem
369 4689 464 4751 respice
480 4688 508 4737 in
527 4703 575 4742 me.
610 4684 653 4754 (P.
671 4684 704 4740 L.
722 4685 851 4756 XXXVI,
871 4685 922 4741 167
941 4687 990 4756 u.)

1328 4774 1367 4833 υ
