<?xml version="1.0" encoding="UTF-8"?>
<!DOCTYPE html PUBLIC "-//W3C//DTD XHTML 1.0 Transitional//EN"
    "http://www.w3.org/TR/xhtml1/DTD/xhtml1-transitional.dtd">
<html xmlns="http://www.w3.org/1999/xhtml" xml:lang="en" lang="en">
 <head>
  <title>
</title>
<meta http-equiv="Content-Type" content="text/html;charset=utf-8" />
  <meta name='ocr-system' content='tesseract 3.04.00' />
  <meta name='ocr-capabilities' content='ocr_page ocr_carea ocr_par ocr_line ocrx_word'/>
</head>
<body>
  <div class='ocr_page' id='page_1' title='image "./consuetudinesmo00albegoog_0298.png"; bbox 0 0 3792 5375; ppageno 0'>
   <div class='ocr_carea' id='block_1_1' title="bbox 765 567 1010 631">
    <p class='ocr_par' dir='ltr' id='par_1_1' title="bbox 765 567 1010 631">
     <span class='ocr_line' id='line_1_1' title="bbox 765 567 1010 631; baseline -0.016 1"><span class='ocrx_word' id='word_1_1' title='bbox 765 567 1010 631; x_wconf 77' lang='lat'>-187-</span> 
     </span>
    </p>
   </div>
   <div class='ocr_carea' id='block_1_2' title="bbox 290 757 1487 2557">
    <p class='ocr_par' dir='ltr' id='par_1_2' title="bbox 295 757 1483 952">
     <span class='ocr_line' id='line_1_2' title="bbox 295 757 1483 846; baseline 0.003 -23"><span class='ocrx_word' id='word_1_2' title='bbox 295 766 351 824; x_wconf 86' lang='lat' dir='ltr'>aut</span> <span class='ocrx_word' id='word_1_3' title='bbox 382 760 498 824; x_wconf 84' lang='lat' dir='ltr'>missas</span> <span class='ocrx_word' id='word_1_4' title='bbox 529 779 647 826; x_wconf 88' lang='lat' dir='ltr'>canere</span> <span class='ocrx_word' id='word_1_5' title='bbox 674 757 753 825; x_wconf 88' lang='lat' dir='ltr'>nulli</span> <span class='ocrx_word' id='word_1_6' title='bbox 784 781 825 827; x_wconf 82' lang='lat' dir='ltr'>ex</span> <span class='ocrx_word' id='word_1_7' title='bbox 854 759 936 846; x_wconf 89' lang='lat' dir='ltr'>ipsis</span> <span class='ocrx_word' id='word_1_8' title='bbox 966 757 1067 827; x_wconf 86' lang='lat' dir='ltr'>liceat</span> <span class='ocrx_word' id='word_1_9' title='bbox 1095 757 1217 839; x_wconf 81' lang='lat' dir='ltr'>iacere,</span> <span class='ocrx_word' id='word_1_10' title='bbox 1247 758 1392 846; x_wconf 86' lang='lat' dir='ltr'>quandiu</span> <span class='ocrx_word' id='word_1_11' title='bbox 1414 757 1483 826; x_wconf 86' lang='lat' dir='ltr'>illie</span> 
     </span>
     <span class='ocr_line' id='line_1_3' title="bbox 295 864 1483 952; baseline 0.005 -23"><span class='ocrx_word' id='word_1_12' title='bbox 295 864 427 948; x_wconf 81' lang='lat' dir='ltr'>luerint,</span> <span class='ocrx_word' id='word_1_13' title='bbox 450 874 583 950; x_wconf 86' lang='lat' dir='ltr'>praeter</span> <span class='ocrx_word' id='word_1_14' title='bbox 605 865 749 950; x_wconf 83' lang='lat' dir='ltr'>psalmos</span> <span class='ocrx_word' id='word_1_15' title='bbox 772 867 962 934; x_wconf 80' lang='lat' dir='ltr'>memoriter</span> <span class='ocrx_word' id='word_1_16' title='bbox 983 874 1043 932; x_wconf 82' lang='lat' dir='ltr'>aut</span> <span class='ocrx_word' id='word_1_17' title='bbox 1058 865 1251 952; x_wconf 76' lang='lat' dir='ltr'>psalterium</span> <span class='ocrx_word' id='word_1_18' title='bbox 1267 867 1296 932; x_wconf 93' lang='lat' dir='ltr'>si</span> <span class='ocrx_word' id='word_1_19' title='bbox 1312 865 1483 935; x_wconf 79' lang='lat' dir='ltr'>voluerint.</span> 
     </span>
    </p>

    <p class='ocr_par' dir='ltr' id='par_1_3' title="bbox 295 970 1484 1380">
     <span class='ocr_line' id='line_1_4' title="bbox 384 970 1482 1062; baseline -0.001 -23"><span class='ocrx_word' id='word_1_20' title='bbox 384 973 475 1040; x_wconf 83' lang='lat' dir='ltr'>Ante</span> <span class='ocrx_word' id='word_1_21' title='bbox 499 970 526 1062; x_wconf 94' lang='lat'>][</span> <span class='ocrx_word' id='word_1_22' title='bbox 549 974 681 1040; x_wconf 78' lang='lat' dir='ltr'>tertiam</span> <span class='ocrx_word' id='word_1_23' title='bbox 703 973 826 1041; x_wconf 87' lang='lat' dir='ltr'>habeat</span> <span class='ocrx_word' id='word_1_24' title='bbox 850 974 961 1041; x_wconf 89' lang='lat' dir='ltr'>omnia</span> <span class='ocrx_word' id='word_1_25' title='bbox 983 981 1185 1059; x_wconf 86' lang='lat' dir='ltr'>praeparata</span> <span class='ocrx_word' id='word_1_26' title='bbox 1200 981 1312 1040; x_wconf 81' lang='lat' dir='ltr'>custos</span> <span class='ocrx_word' id='word_1_27' title='bbox 1327 972 1482 1058; x_wconf 88' lang='lat' dir='ltr'>ipsorum,</span> 
     </span>
     <span class='ocr_line' id='line_1_5' title="bbox 295 1079 1483 1167; baseline 0.001 -22"><span class='ocrx_word' id='word_1_28' title='bbox 295 1101 366 1145; x_wconf 90' lang='lat' dir='ltr'>cum</span> <span class='ocrx_word' id='word_1_29' title='bbox 380 1080 446 1144; x_wconf 87' lang='lat' dir='ltr'>suis</span> <span class='ocrx_word' id='word_1_30' title='bbox 460 1079 601 1163; x_wconf 80' lang='lat' dir='ltr'>tumulis,</span> <span class='ocrx_word' id='word_1_31' title='bbox 618 1081 791 1167; x_wconf 87' lang='lat' dir='ltr'>unicuique</span> <span class='ocrx_word' id='word_1_32' title='bbox 807 1080 987 1147; x_wconf 85' lang='lat' dir='ltr'>mensulam</span> <span class='ocrx_word' id='word_1_33' title='bbox 1004 1079 1222 1165; x_wconf 78' lang='lat' dir='ltr'>longitudines</span> <span class='ocrx_word' id='word_1_34' title='bbox 1238 1080 1337 1146; x_wconf 89' lang='lat' dir='ltr'>trium</span> <span class='ocrx_word' id='word_1_35' title='bbox 1352 1079 1483 1164; x_wconf 67' lang='lat' dir='ltr'>pedum,</span> 
     </span>
     <span class='ocr_line' id='line_1_6' title="bbox 295 1185 1484 1275; baseline 0 -24"><span class='ocrx_word' id='word_1_36' title='bbox 295 1185 486 1253; x_wconf 81' lang='lat' dir='ltr'>latitudines</span> <span class='ocrx_word' id='word_1_37' title='bbox 516 1187 613 1252; x_wconf 85' lang='lat' dir='ltr'>unius</span> <span class='ocrx_word' id='word_1_38' title='bbox 644 1197 676 1254; x_wconf 90' lang='lat' dir='ltr'>et</span> <span class='ocrx_word' id='word_1_39' title='bbox 707 1188 823 1267; x_wconf 84' lang='lat' dir='ltr'>semis,</span> <span class='ocrx_word' id='word_1_40' title='bbox 857 1208 979 1275; x_wconf 87' lang='lat' dir='ltr'>ponere</span> <span class='ocrx_word' id='word_1_41' title='bbox 1009 1188 1131 1273; x_wconf 84' lang='lat' dir='ltr'>quippe</span> <span class='ocrx_word' id='word_1_42' title='bbox 1161 1186 1260 1255; x_wconf 89' lang='lat' dir='ltr'>debet</span> <span class='ocrx_word' id='word_1_43' title='bbox 1289 1207 1347 1273; x_wconf 86' lang='lat' dir='ltr'>per</span> <span class='ocrx_word' id='word_1_44' title='bbox 1368 1207 1484 1252; x_wconf 79' lang='lat' dir='ltr'>unam·</span> 
     </span>
     <span class='ocr_line' id='line_1_7' title="bbox 295 1292 1483 1380; baseline 0.004 -23"><span class='ocrx_word' id='word_1_45' title='bbox 295 1315 457 1380; x_wconf 80' lang='lat' dir='ltr'>quamque</span> <span class='ocrx_word' id='word_1_46' title='bbox 488 1292 629 1378; x_wconf 83' lang='lat' dir='ltr'>desuper</span> <span class='ocrx_word' id='word_1_47' title='bbox 658 1293 844 1375; x_wconf 88' lang='lat' dir='ltr'>linteolum,</span> <span class='ocrx_word' id='word_1_48' title='bbox 869 1294 1034 1380; x_wconf 89' lang='lat' dir='ltr'>justitiam</span> <span class='ocrx_word' id='word_1_49' title='bbox 1065 1294 1149 1379; x_wconf 86' lang='lat' dir='ltr'>riui,</span> <span class='ocrx_word' id='word_1_50' title='bbox 1178 1302 1213 1360; x_wconf 89' lang='lat' dir='ltr'>ot</span> <span class='ocrx_word' id='word_1_51' title='bbox 1234 1294 1332 1380; x_wconf 86' lang='lat' dir='ltr'>panis</span> <span class='ocrx_word' id='word_1_52' title='bbox 1355 1293 1483 1362; x_wconf 69' lang='lat' dir='ltr'>horem</span> 
     </span>
    </p>

    <p class='ocr_par' dir='ltr' id='par_1_4' title="bbox 290 1398 1487 2557">
     <span class='ocr_line' id='line_1_8' title="bbox 385 1398 1484 1486; baseline 0.001 -21"><span class='ocrx_word' id='word_1_53' title='bbox 385 1399 426 1466; x_wconf 91' lang='lat' dir='ltr'>In</span> <span class='ocrx_word' id='word_1_54' title='bbox 442 1401 642 1466; x_wconf 83' lang='lat' dir='ltr'>monasterio</span> <span class='ocrx_word' id='word_1_55' title='bbox 658 1400 735 1467; x_wconf 82' lang='lat' dir='ltr'>dum</span> <span class='ocrx_word' id='word_1_56' title='bbox 753 1401 879 1486; x_wconf 87' lang='lat' dir='ltr'>signum</span> <span class='ocrx_word' id='word_1_57' title='bbox 897 1398 1051 1486; x_wconf 88' lang='lat' dir='ltr'>pulsatur</span> <span class='ocrx_word' id='word_1_58' title='bbox 1064 1398 1147 1468; x_wconf 82' lang='lat' dir='ltr'>hora</span> <span class='ocrx_word' id='word_1_59' title='bbox 1163 1401 1273 1484; x_wconf 87' lang='lat' dir='ltr'>tertia,</span> <span class='ocrx_word' id='word_1_60' title='bbox 1288 1399 1484 1467; x_wconf 71' lang='lat' dir='ltr'>conveniant</span> 
     </span>
     <span class='ocr_line' id='line_1_9' title="bbox 295 1505 1485 1593; baseline 0.001 -22"><span class='ocrx_word' id='word_1_61' title='bbox 295 1508 327 1572; x_wconf 90' lang='lat' dir='ltr'>in</span> <span class='ocrx_word' id='word_1_62' title='bbox 357 1506 496 1573; x_wconf 82' lang='lat' dir='ltr'>basilica</span> <span class='ocrx_word' id='word_1_63' title='bbox 529 1506 690 1591; x_wconf 83' lang='lat' dir='ltr'>gloriosae</span> <span class='ocrx_word' id='word_1_64' title='bbox 721 1508 853 1593; x_wconf 85' lang='lat' dir='ltr'>rirgiuis</span> <span class='ocrx_word' id='word_1_65' title='bbox 883 1506 1025 1589; x_wconf 90' lang='lat' dir='ltr'>marine,</span> <span class='ocrx_word' id='word_1_66' title='bbox 1061 1516 1094 1573; x_wconf 92' lang='lat' dir='ltr'>et</span> <span class='ocrx_word' id='word_1_67' title='bbox 1124 1505 1271 1574; x_wconf 87' lang='lat' dir='ltr'>debitum</span> <span class='ocrx_word' id='word_1_68' title='bbox 1301 1507 1485 1593; x_wconf 88' lang='lat' dir='ltr'>impensum</span> 
     </span>
     <span class='ocr_line' id='line_1_10' title="bbox 295 1612 1484 1700; baseline 0.001 -23"><span class='ocrx_word' id='word_1_69' title='bbox 295 1613 433 1681; x_wconf 74' lang='lat' dir='ltr'>solvant.</span> <span class='ocrx_word' id='word_1_70' title='bbox 487 1614 655 1681; x_wconf 84' lang='lat' dir='ltr'>Exeuntes</span> <span class='ocrx_word' id='word_1_71' title='bbox 685 1613 760 1679; x_wconf 90' lang='lat' dir='ltr'>indo</span> <span class='ocrx_word' id='word_1_72' title='bbox 791 1615 846 1700; x_wconf 68' lang='lat' dir='ltr'>spui</span> <span class='ocrx_word' id='word_1_73' title='bbox 879 1613 945 1679; x_wconf 88' lang='lat' dir='ltr'>rult</span> <span class='ocrx_word' id='word_1_74' title='bbox 977 1612 1150 1681; x_wconf 72' lang='lat' dir='ltr'>comedere</span> <span class='ocrx_word' id='word_1_75' title='bbox 1180 1613 1297 1700; x_wconf 79' lang='lat' dir='ltr'>aliquit</span> <span class='ocrx_word' id='word_1_76' title='bbox 1326 1613 1422 1700; x_wconf 85' lang='lat' dir='ltr'>qnasi</span> <span class='ocrx_word' id='word_1_77' title='bbox 1450 1613 1484 1678; x_wconf 90' lang='lat' dir='ltr'>in</span> 
     </span>
     <span class='ocr_line' id='line_1_11' title="bbox 295 1718 1486 1808; baseline 0 -23"><span class='ocrx_word' id='word_1_78' title='bbox 295 1720 365 1786; x_wconf 90' lang='lat' dir='ltr'>loco</span> <span class='ocrx_word' id='word_1_79' title='bbox 374 1721 399 1806; x_wconf 85' lang='lat'>¹)</span> <span class='ocrx_word' id='word_1_80' title='bbox 415 1721 507 1787; x_wconf 85' lang='lat' dir='ltr'>mixti</span> <span class='ocrx_word' id='word_1_81' title='bbox 523 1719 658 1802; x_wconf 83' lang='lat' dir='ltr'>saciant,</span> <span class='ocrx_word' id='word_1_82' title='bbox 674 1729 707 1787; x_wconf 85' lang='lat' dir='ltr'>et</span> <span class='ocrx_word' id='word_1_83' title='bbox 725 1723 752 1787; x_wconf 88' lang='lat' dir='ltr'>si</span> <span class='ocrx_word' id='word_1_84' title='bbox 770 1722 869 1787; x_wconf 84' lang='lat' dir='ltr'>relint</span> <span class='ocrx_word' id='word_1_85' title='bbox 886 1728 1090 1808; x_wconf 85' lang='lat' dir='ltr'>possuntque</span> <span class='ocrx_word' id='word_1_86' title='bbox 1106 1741 1204 1806; x_wconf 89' lang='lat' dir='ltr'>agere</span> <span class='ocrx_word' id='word_1_87' title='bbox 1216 1729 1344 1788; x_wconf 82' lang='lat' dir='ltr'>sextam</span> <span class='ocrx_word' id='word_1_88' title='bbox 1355 1718 1486 1786; x_wconf 81' lang='lat' dir='ltr'>insimul</span> 
     </span>
     <span class='ocr_line' id='line_1_12' title="bbox 295 1826 1485 1915; baseline 0.001 -23"><span class='ocrx_word' id='word_1_89' title='bbox 295 1835 328 1892; x_wconf 88' lang='lat' dir='ltr'>et</span> <span class='ocrx_word' id='word_1_90' title='bbox 351 1826 449 1893; x_wconf 85' lang='lat' dir='ltr'>odore</span> <span class='ocrx_word' id='word_1_91' title='bbox 473 1828 662 1914; x_wconf 87' lang='lat' dir='ltr'>priusquam</span> <span class='ocrx_word' id='word_1_92' title='bbox 686 1836 830 1896; x_wconf 86' lang='lat' dir='ltr'>sonetur.</span> <span class='ocrx_word' id='word_1_93' title='bbox 867 1829 913 1895; x_wconf 82' lang='lat' dir='ltr'>Et</span> <span class='ocrx_word' id='word_1_94' title='bbox 935 1827 1070 1915; x_wconf 88' lang='lat' dir='ltr'>quando</span> <span class='ocrx_word' id='word_1_95' title='bbox 1094 1834 1270 1914; x_wconf 81' lang='lat' dir='ltr'>expectant</span> <span class='ocrx_word' id='word_1_96' title='bbox 1285 1826 1331 1894; x_wconf 90' lang='lat' dir='ltr'>ad</span> <span class='ocrx_word' id='word_1_97' title='bbox 1346 1834 1485 1910; x_wconf 82' lang='lat' dir='ltr'>sextam,</span> 
     </span>
     <span class='ocr_line' id='line_1_13' title="bbox 295 1934 1485 2021; baseline 0.001 -22"><span class='ocrx_word' id='word_1_98' title='bbox 295 1956 370 1999; x_wconf 86' lang='lat' dir='ltr'>mox</span> <span class='ocrx_word' id='word_1_99' title='bbox 393 1943 428 2000; x_wconf 87' lang='lat' dir='ltr'>ut</span> <span class='ocrx_word' id='word_1_100' title='bbox 453 1935 632 2019; x_wconf 79' lang='lat' dir='ltr'>pulsaverit</span> <span class='ocrx_word' id='word_1_101' title='bbox 656 1935 793 2021; x_wconf 88' lang='lat' dir='ltr'>signum,</span> <span class='ocrx_word' id='word_1_102' title='bbox 817 1934 981 2004; x_wconf 85' lang='lat' dir='ltr'>accedant</span> <span class='ocrx_word' id='word_1_103' title='bbox 1004 1943 1038 2002; x_wconf 90' lang='lat' dir='ltr'>et</span> <span class='ocrx_word' id='word_1_104' title='bbox 1054 1936 1117 2021; x_wconf 81' lang='lat' dir='ltr'>ipsi</span> <span class='ocrx_word' id='word_1_105' title='bbox 1132 1934 1177 2001; x_wconf 81' lang='lat' dir='ltr'>ad</span> <span class='ocrx_word' id='word_1_106' title='bbox 1191 1934 1285 2003; x_wconf 80' lang='lat' dir='ltr'>horn.</span> <span class='ocrx_word' id='word_1_107' title='bbox 1315 1935 1485 2001; x_wconf 82' lang='lat' dir='ltr'>Exeuntes</span> 
     </span>
     <span class='ocr_line' id='line_1_14' title="bbox 296 2040 1485 2128; baseline 0 -22"><span class='ocrx_word' id='word_1_108' title='bbox 296 2041 426 2107; x_wconf 77' lang='lat' dir='ltr'>veniant</span> <span class='ocrx_word' id='word_1_109' title='bbox 456 2050 556 2126; x_wconf 85' lang='lat' dir='ltr'>atque</span> <span class='ocrx_word' id='word_1_110' title='bbox 584 2064 701 2108; x_wconf 86' lang='lat' dir='ltr'>manus</span> <span class='ocrx_word' id='word_1_111' title='bbox 731 2065 807 2108; x_wconf 87' lang='lat' dir='ltr'>suas</span> <span class='ocrx_word' id='word_1_112' title='bbox 830 2042 960 2124; x_wconf 79' lang='lat' dir='ltr'>lavent,</span> <span class='ocrx_word' id='word_1_113' title='bbox 992 2051 1025 2109; x_wconf 87' lang='lat' dir='ltr'>et</span> <span class='ocrx_word' id='word_1_114' title='bbox 1049 2051 1129 2109; x_wconf 87' lang='lat' dir='ltr'>eant</span> <span class='ocrx_word' id='word_1_115' title='bbox 1151 2041 1298 2128; x_wconf 79' lang='lat' dir='ltr'>epulare.</span> <span class='ocrx_word' id='word_1_116' title='bbox 1343 2040 1485 2110; x_wconf 81' lang='lat' dir='ltr'>Versum</span> 
     </span>
     <span class='ocr_line' id='line_1_15' title="bbox 296 2147 1485 2237; baseline 0.001 -24"><span class='ocrx_word' id='word_1_117' title='bbox 296 2147 338 2213; x_wconf 91' lang='lat' dir='ltr'>ad</span> <span class='ocrx_word' id='word_1_118' title='bbox 355 2170 501 2214; x_wconf 86' lang='lat' dir='ltr'>mensam</span> <span class='ocrx_word' id='word_1_119' title='bbox 518 2149 627 2215; x_wconf 85' lang='lat' dir='ltr'>dicere</span> <span class='ocrx_word' id='word_1_120' title='bbox 643 2149 762 2216; x_wconf 89' lang='lat' dir='ltr'>debent</span> <span class='ocrx_word' id='word_1_121' title='bbox 786 2151 871 2217; x_wconf 90' lang='lat' dir='ltr'>siout</span> <span class='ocrx_word' id='word_1_122' title='bbox 894 2150 929 2215; x_wconf 88' lang='lat' dir='ltr'>in</span> <span class='ocrx_word' id='word_1_123' title='bbox 947 2148 1175 2230; x_wconf 71' lang='lat' dir='ltr'>relectorium,</span> <span class='ocrx_word' id='word_1_124' title='bbox 1197 2170 1257 2237; x_wconf 86' lang='lat' dir='ltr'>per</span> <span class='ocrx_word' id='word_1_125' title='bbox 1272 2168 1485 2235; x_wconf 82' lang='lat' dir='ltr'>unamquam-</span> 
     </span>
     <span class='ocr_line' id='line_1_16' title="bbox 295 2253 1485 2343; baseline 0.001 -23"><span class='ocrx_word' id='word_1_126' title='bbox 295 2276 357 2342; x_wconf 87' lang='lat' dir='ltr'>que</span> <span class='ocrx_word' id='word_1_127' title='bbox 388 2256 680 2337; x_wconf 73' lang='lat' dir='ltr'>ministrationem,</span> <span class='ocrx_word' id='word_1_128' title='bbox 710 2265 747 2323; x_wconf 94' lang='lat' dir='ltr'>ut</span> <span class='ocrx_word' id='word_1_129' title='bbox 777 2256 859 2324; x_wconf 89' lang='lat' dir='ltr'>data</span> <span class='ocrx_word' id='word_1_130' title='bbox 882 2257 930 2323; x_wconf 89' lang='lat' dir='ltr'>eis</span> <span class='ocrx_word' id='word_1_131' title='bbox 954 2255 1095 2337; x_wconf 82' lang='lat' dir='ltr'>luerint,</span> <span class='ocrx_word' id='word_1_132' title='bbox 1126 2253 1485 2343; x_wconf 26' lang='lat' dir='ltr'>semper-benedicant.</span> 
     </span>
     <span class='ocr_line' id='line_1_17' title="bbox 295 2361 1487 2448; baseline 0 -21"><span class='ocrx_word' id='word_1_133' title='bbox 295 2361 447 2447; x_wconf 85' lang='lat' dir='ltr'>Ipsorum</span> <span class='ocrx_word' id='word_1_134' title='bbox 483 2370 679 2448; x_wconf 87' lang='lat' dir='ltr'>procurator</span> <span class='ocrx_word' id='word_1_135' title='bbox 717 2374 796 2448; x_wconf 86' lang='lat' dir='ltr'>quot</span> <span class='ocrx_word' id='word_1_136' title='bbox 831 2363 955 2430; x_wconf 78' lang='lat' dir='ltr'>vicibus</span> <span class='ocrx_word' id='word_1_137' title='bbox 992 2384 1065 2429; x_wconf 90' lang='lat' dir='ltr'>cum</span> <span class='ocrx_word' id='word_1_138' title='bbox 1100 2361 1280 2429; x_wconf 83' lang='lat' dir='ltr'>scutellulis</span> <span class='ocrx_word' id='word_1_139' title='bbox 1314 2361 1487 2429; x_wconf 75' lang='lat' dir='ltr'>intruserit</span> 
     </span>
     <span class='ocr_line' id='line_1_18' title="bbox 290 2467 1486 2557; baseline 0.002 -23"><span class='ocrx_word' id='word_1_140' title='bbox 290 2470 394 2553; x_wconf 87' lang='lat' dir='ltr'>janua</span> <span class='ocrx_word' id='word_1_141' title='bbox 404 2470 443 2554; x_wconf 83' lang='lat'>²),</span> <span class='ocrx_word' id='word_1_142' title='bbox 473 2476 525 2536; x_wconf 93' lang='lat' dir='ltr'>tot</span> <span class='ocrx_word' id='word_1_143' title='bbox 555 2469 679 2537; x_wconf 76' lang='lat' dir='ltr'>vicibus</span> <span class='ocrx_word' id='word_1_144' title='bbox 704 2473 888 2539; x_wconf 75' lang='lat' dir='ltr'>Berredicite</span> <span class='ocrx_word' id='word_1_145' title='bbox 911 2491 1043 2555; x_wconf 85' lang='lat' dir='ltr'>semper</span> <span class='ocrx_word' id='word_1_146' title='bbox 1064 2469 1165 2553; x_wconf 84' lang='lat' dir='ltr'>dieat,</span> <span class='ocrx_word' id='word_1_147' title='bbox 1188 2468 1264 2537; x_wconf 82' lang='lat' dir='ltr'>aliia</span> <span class='ocrx_word' id='word_1_148' title='bbox 1286 2467 1486 2557; x_wconf 86' lang='lat' dir='ltr'>responden·</span> 
     </span>
    </p>
   </div>
   <div class='ocr_carea' id='block_1_3' title="bbox 295 2575 1607 2664">
    <p class='ocr_par' dir='ltr' id='par_1_5' title="bbox 295 2575 1607 2664">
     <span class='ocr_line' id='line_1_19' title="bbox 295 2575 1607 2664; baseline -0.003 -22"><span class='ocrx_word' id='word_1_149' title='bbox 295 2575 382 2642; x_wconf 86' lang='lat' dir='ltr'>tibus</span> <span class='ocrx_word' id='word_1_150' title='bbox 395 2579 557 2644; x_wconf 65' lang='lat' dir='ltr'>Datianus</span> <span class='ocrx_word' id='word_1_151' title='bbox 573 2599 647 2643; x_wconf 82' lang='lat' dir='ltr'>cunr</span> <span class='ocrx_word' id='word_1_152' title='bbox 667 2581 754 2644; x_wconf 89' lang='lat' dir='ltr'>omni</span> <span class='ocrx_word' id='word_1_153' title='bbox 771 2577 996 2664; x_wconf 72' lang='lat' dir='ltr'>gratulatione</span> <span class='ocrx_word' id='word_1_154' title='bbox 1013 2575 1123 2663; x_wconf 85' lang='lat' dir='ltr'>adque</span> <span class='ocrx_word' id='word_1_155' title='bbox 1134 2576 1322 2644; x_wconf 80' lang='lat' dir='ltr'>dilectione.</span> <span class='ocrx_word' id='word_1_156' title='bbox 1344 2575 1486 2646; x_wconf 78' lang='lat' dir='ltr'>Versum</span> <span class='ocrx_word' id='word_1_157' title='bbox 1603 2632 1607 2638; x_wconf 89' lang='lat'>.</span> 
     </span>
    </p>
   </div>
   <div class='ocr_carea' id='block_1_4' title="bbox 295 2682 1487 2879">
    <p class='ocr_par' dir='ltr' id='par_1_6' title="bbox 295 2682 1487 2879">
     <span class='ocr_line' id='line_1_20' title="bbox 295 2682 1487 2772; baseline 0 -21"><span class='ocrx_word' id='word_1_158' title='bbox 295 2692 368 2770; x_wconf 88' lang='lat' dir='ltr'>post</span> <span class='ocrx_word' id='word_1_159' title='bbox 393 2682 501 2750; x_wconf 89' lang='lat' dir='ltr'>cibum</span> <span class='ocrx_word' id='word_1_160' title='bbox 524 2684 569 2752; x_wconf 87' lang='lat' dir='ltr'>ibi</span> <span class='ocrx_word' id='word_1_161' title='bbox 592 2684 714 2755; x_wconf 88' lang='lat' dir='ltr'>dicant.</span> <span class='ocrx_word' id='word_1_162' title='bbox 750 2682 874 2753; x_wconf 86' lang='lat' dir='ltr'>Omnes</span> <span class='ocrx_word' id='word_1_163' title='bbox 889 2706 1033 2772; x_wconf 87' lang='lat' dir='ltr'>namque</span> <span class='ocrx_word' id='word_1_164' title='bbox 1047 2684 1148 2752; x_wconf 82' lang='lat' dir='ltr'>horus</span> <span class='ocrx_word' id='word_1_165' title='bbox 1163 2684 1198 2751; x_wconf 89' lang='lat' dir='ltr'>in</span> <span class='ocrx_word' id='word_1_166' title='bbox 1212 2682 1355 2752; x_wconf 83' lang='lat' dir='ltr'>ecclesie</span> <span class='ocrx_word' id='word_1_167' title='bbox 1368 2704 1487 2751; x_wconf 74' lang='lat' dir='ltr'>canem</span> 
     </span>
     <span class='ocr_line' id='line_1_21' title="bbox 295 2790 1487 2879; baseline 0 -21"><span class='ocrx_word' id='word_1_168' title='bbox 295 2790 425 2859; x_wconf 87' lang='lat' dir='ltr'>debent.</span> <span class='ocrx_word' id='word_1_169' title='bbox 463 2790 629 2877; x_wconf 85' lang='lat' dir='ltr'>Quicquid</span> <span class='ocrx_word' id='word_1_170' title='bbox 645 2795 849 2875; x_wconf 78' lang='lat' dir='ltr'>remanserit,</span> <span class='ocrx_word' id='word_1_171' title='bbox 866 2792 910 2860; x_wconf 90' lang='lat' dir='ltr'>ad</span> <span class='ocrx_word' id='word_1_172' title='bbox 925 2791 1135 2860; x_wconf 80' lang='lat' dir='ltr'>cellararium</span> <span class='ocrx_word' id='word_1_173' title='bbox 1147 2791 1338 2874; x_wconf 86' lang='lat' dir='ltr'>reddantur,</span> <span class='ocrx_word' id='word_1_174' title='bbox 1353 2796 1487 2879; x_wconf 85' lang='lat' dir='ltr'>praeter</span> 
     </span>
    </p>
   </div>
   <div class='ocr_carea' id='block_1_5' title="bbox 295 2897 1623 2996">
    <p class='ocr_par' dir='ltr' id='par_1_7' title="bbox 295 2897 1623 2996">
     <span class='ocr_line' id='line_1_22' title="bbox 295 2897 1623 2996; baseline -0.001 -32"><span class='ocrx_word' id='word_1_175' title='bbox 295 2898 368 2979; x_wconf 92' lang='lat' dir='ltr'>illa,</span> <span class='ocrx_word' id='word_1_176' title='bbox 401 2918 487 2983; x_wconf 87' lang='lat' dir='ltr'>quae</span> <span class='ocrx_word' id='word_1_177' title='bbox 513 2897 644 2965; x_wconf 80' lang='lat' dir='ltr'>famulis</span> <span class='ocrx_word' id='word_1_178' title='bbox 667 2898 729 2965; x_wconf 87' lang='lat' dir='ltr'>sibi</span> <span class='ocrx_word' id='word_1_179' title='bbox 753 2899 970 2966; x_wconf 75' lang='lat' dir='ltr'>servientibus</span> <span class='ocrx_word' id='word_1_180' title='bbox 994 2921 1036 2966; x_wconf 84' lang='lat' dir='ltr'>ex</span> <span class='ocrx_word' id='word_1_181' title='bbox 1058 2898 1212 2967; x_wconf 82' lang='lat' dir='ltr'>carnibus</span> <span class='ocrx_word' id='word_1_182' title='bbox 1236 2898 1286 2966; x_wconf 85' lang='lat' dir='ltr'>rel</span> <span class='ocrx_word' id='word_1_183' title='bbox 1308 2897 1487 2986; x_wconf 80' lang='lat' dir='ltr'>pulmentis</span> <span class='ocrx_word' id='word_1_184' title='bbox 1619 2991 1623 2996; x_wconf 9' lang='grc' dir='ltr'><strong>ἡ</strong></span> 
     </span>
    </p>
   </div>
   <div class='ocr_carea' id='block_1_6' title="bbox 295 3003 1488 3307">
    <p class='ocr_par' dir='ltr' id='par_1_8' title="bbox 295 3003 1488 3307">
     <span class='ocr_line' id='line_1_23' title="bbox 295 3003 1487 3093; baseline 0 -22"><span class='ocrx_word' id='word_1_185' title='bbox 295 3004 406 3072; x_wconf 88' lang='lat' dir='ltr'>danda</span> <span class='ocrx_word' id='word_1_186' title='bbox 436 3012 514 3072; x_wconf 90' lang='lat' dir='ltr'>sunt</span> <span class='ocrx_word' id='word_1_187' title='bbox 545 3005 667 3073; x_wconf 87' lang='lat' dir='ltr'>abillo</span> <span class='ocrx_word' id='word_1_188' title='bbox 692 3006 809 3089; x_wconf 79' lang='lat' dir='ltr'>fratre,</span> <span class='ocrx_word' id='word_1_189' title='bbox 841 3008 897 3093; x_wconf 87' lang='lat' dir='ltr'>qui</span> <span class='ocrx_word' id='word_1_190' title='bbox 920 3006 998 3074; x_wconf 89' lang='lat' dir='ltr'>huie</span> <span class='ocrx_word' id='word_1_191' title='bbox 1020 3005 1130 3074; x_wconf 82' lang='lat' dir='ltr'>officio</span> <span class='ocrx_word' id='word_1_192' title='bbox 1152 3013 1296 3093; x_wconf 81' lang='lat' dir='ltr'>praeeat.</span> <span class='ocrx_word' id='word_1_193' title='bbox 1342 3003 1487 3072; x_wconf 82' lang='lat' dir='ltr'>Infirmia</span> 
     </span>
     <span class='ocr_line' id='line_1_24' title="bbox 297 3110 1487 3201; baseline 0 -22"><span class='ocrx_word' id='word_1_194' title='bbox 297 3112 453 3180; x_wconf 81' lang='lat' dir='ltr'>iratribus</span> <span class='ocrx_word' id='word_1_195' title='bbox 477 3135 542 3180; x_wconf 89' lang='lat' dir='ltr'>non</span> <span class='ocrx_word' id='word_1_196' title='bbox 559 3115 701 3200; x_wconf 82' lang='lat' dir='ltr'>pertinet</span> <span class='ocrx_word' id='word_1_197' title='bbox 715 3114 763 3180; x_wconf 90' lang='lat' dir='ltr'>eis</span> <span class='ocrx_word' id='word_1_198' title='bbox 779 3116 956 3201; x_wconf 86' lang='lat' dir='ltr'>quicquum</span> <span class='ocrx_word' id='word_1_199' title='bbox 972 3112 1064 3183; x_wconf 84' lang='lat' dir='ltr'>dare.</span> <span class='ocrx_word' id='word_1_200' title='bbox 1099 3111 1361 3181; x_wconf 81' lang='lat' dir='ltr'>Elemosinarins</span> <span class='ocrx_word' id='word_1_201' title='bbox 1375 3110 1487 3196; x_wconf 78' lang='lat' dir='ltr'>rero&#39;)</span> 
     </span>
     <span class='ocr_line' id='line_1_25' title="bbox 295 3219 1488 3307; baseline -0.001 -20"><span class='ocrx_word' id='word_1_202' title='bbox 295 3220 359 3287; x_wconf 88' lang='lat' dir='ltr'>illis</span> <span class='ocrx_word' id='word_1_203' title='bbox 382 3220 515 3303; x_wconf 86' lang='lat' dir='ltr'>diebus,</span> <span class='ocrx_word' id='word_1_204' title='bbox 547 3221 666 3306; x_wconf 84' lang='lat' dir='ltr'>quibus</span> <span class='ocrx_word' id='word_1_205' title='bbox 690 3243 730 3288; x_wconf 83' lang='lat' dir='ltr'>ex</span> <span class='ocrx_word' id='word_1_206' title='bbox 756 3221 930 3288; x_wconf 76' lang='lat' dir='ltr'>refectorio</span> <span class='ocrx_word' id='word_1_207' title='bbox 954 3221 1074 3307; x_wconf 88' lang='lat' dir='ltr'>recipit</span> <span class='ocrx_word' id='word_1_208' title='bbox 1094 3241 1215 3307; x_wconf 89' lang='lat' dir='ltr'>panem</span> <span class='ocrx_word' id='word_1_209' title='bbox 1239 3226 1275 3287; x_wconf 88' lang='lat' dir='ltr'>et</span> <span class='ocrx_word' id='word_1_210' title='bbox 1294 3219 1416 3303; x_wconf 65' lang='lat' dir='ltr'>duum,</span> <span class='ocrx_word' id='word_1_211' title='bbox 1440 3219 1488 3286; x_wconf 87' lang='lat' dir='ltr'>ita</span> 
     </span>
    </p>
   </div>
   <div class='ocr_carea' id='block_1_7' title="bbox 168 3327 846 3416">
    <p class='ocr_par' dir='ltr' id='par_1_9' title="bbox 168 3327 846 3416">
     <span class='ocr_line' id='line_1_26' title="bbox 168 3327 846 3416; baseline 0.007 -23"><span class='ocrx_word' id='word_1_212' title='bbox 168 3370 172 3376; x_wconf 90' lang='lat'><em>-</em></span> <span class='ocrx_word' id='word_1_213' title='bbox 295 3335 328 3394; x_wconf 89' lang='lat' dir='ltr'>et</span> <span class='ocrx_word' id='word_1_214' title='bbox 351 3349 392 3395; x_wconf 84' lang='lat' dir='ltr'>ex</span> <span class='ocrx_word' id='word_1_215' title='bbox 414 3327 478 3394; x_wconf 89' lang='lat' dir='ltr'>hae</span> <span class='ocrx_word' id='word_1_216' title='bbox 501 3329 670 3395; x_wconf 88' lang='lat' dir='ltr'>mansione</span> <span class='ocrx_word' id='word_1_217' title='bbox 693 3329 846 3416; x_wconf 80' lang='lat' dir='ltr'>accipiat</span> 
     </span>
    </p>
   </div>
   <div class='ocr_carea' id='block_1_8' title="bbox 294 3432 1488 4164">
    <p class='ocr_par' dir='ltr' id='par_1_10' title="bbox 294 3432 1488 4164">
     <span class='ocr_line' id='line_1_27' title="bbox 385 3432 1487 3522; baseline 0.001 -23"><span class='ocrx_word' id='word_1_218' title='bbox 385 3432 547 3520; x_wconf 84' lang='lat' dir='ltr'>Quidquit</span> <span class='ocrx_word' id='word_1_219' title='bbox 571 3433 691 3500; x_wconf 85' lang='lat' dir='ltr'>infinni</span> <span class='ocrx_word' id='word_1_220' title='bbox 714 3436 880 3522; x_wconf 80' lang='lat' dir='ltr'>petierint,</span> <span class='ocrx_word' id='word_1_221' title='bbox 904 3435 954 3501; x_wconf 86' lang='lat' dir='ltr'>eia</span> <span class='ocrx_word' id='word_1_222' title='bbox 972 3432 1119 3501; x_wconf 89' lang='lat' dir='ltr'>dandum</span> <span class='ocrx_word' id='word_1_223' title='bbox 1142 3440 1211 3521; x_wconf 72' lang='lat' dir='ltr'>est,</span> <span class='ocrx_word' id='word_1_224' title='bbox 1235 3434 1364 3502; x_wconf 81' lang='lat' dir='ltr'>etiamsi</span> <span class='ocrx_word' id='word_1_225' title='bbox 1379 3454 1487 3501; x_wconf 87' lang='lat' dir='ltr'>emere</span> 
     </span>
     <span class='ocr_line' id='line_1_28' title="bbox 296 3541 1488 3629; baseline -0.003 -18"><span class='ocrx_word' id='word_1_226' title='bbox 296 3563 377 3629; x_wconf 90' lang='lat' dir='ltr'>opus</span> <span class='ocrx_word' id='word_1_227' title='bbox 400 3542 452 3607; x_wconf 84' lang='lat' dir='ltr'>sit</span> <span class='ocrx_word' id='word_1_228' title='bbox 485 3541 615 3624; x_wconf 89' lang='lat' dir='ltr'>Regula</span> <span class='ocrx_word' id='word_1_229' title='bbox 638 3563 779 3627; x_wconf 84' lang='lat' dir='ltr'>namque</span> <span class='ocrx_word' id='word_1_230' title='bbox 802 3541 964 3629; x_wconf 79' lang='lat' dir='ltr'>praecipit</span> <span class='ocrx_word' id='word_1_231' title='bbox 986 3547 1066 3608; x_wconf 88' lang='lat' dir='ltr'>ante</span> <span class='ocrx_word' id='word_1_232' title='bbox 1088 3542 1250 3609; x_wconf 88' lang='lat' dir='ltr'>omniaet</span> <span class='ocrx_word' id='word_1_233' title='bbox 1264 3542 1488 3627; x_wconf 78' lang='lat' dir='ltr'>superomnia</span> 
     </span>
     <span class='ocr_line' id='line_1_29' title="bbox 296 3646 1488 3738; baseline -0.003 -21"><span class='ocrx_word' id='word_1_234' title='bbox 296 3647 518 3717; x_wconf 88' lang='lat' dir='ltr'>adhibendam</span> <span class='ocrx_word' id='word_1_235' title='bbox 542 3646 680 3714; x_wconf 84' lang='lat' dir='ltr'>infirmia</span> <span class='ocrx_word' id='word_1_236' title='bbox 702 3670 774 3716; x_wconf 83' lang='lat' dir='ltr'>esse</span> <span class='ocrx_word' id='word_1_237' title='bbox 798 3671 910 3716; x_wconf 89' lang='lat' dir='ltr'>curam</span> <span class='ocrx_word' id='word_1_238' title='bbox 934 3669 975 3715; x_wconf 93' lang='lat' dir='ltr'>ac</span> <span class='ocrx_word' id='word_1_239' title='bbox 998 3647 1296 3738; x_wconf 83' lang='lat' dir='ltr'>sollicitudinem.⁴)</span> <span class='ocrx_word' id='word_1_240' title='bbox 1342 3646 1385 3715; x_wconf 85' lang='lat' dir='ltr'>In</span> <span class='ocrx_word' id='word_1_241' title='bbox 1406 3647 1488 3735; x_wconf 80' lang='lat' dir='ltr'>ipsis</span> 
     </span>
     <span class='ocr_line' id='line_1_30' title="bbox 295 3754 1487 3842; baseline 0.002 -22"><span class='ocrx_word' id='word_1_242' title='bbox 295 3756 416 3841; x_wconf 84' lang='lat' dir='ltr'>quippe</span> <span class='ocrx_word' id='word_1_243' title='bbox 446 3754 572 3820; x_wconf 84' lang='lat' dir='ltr'>cellulis</span> <span class='ocrx_word' id='word_1_244' title='bbox 602 3754 725 3823; x_wconf 83' lang='lat' dir='ltr'>habeat</span> <span class='ocrx_word' id='word_1_245' title='bbox 753 3763 949 3842; x_wconf 87' lang='lat' dir='ltr'>procurator</span> <span class='ocrx_word' id='word_1_246' title='bbox 978 3754 1084 3824; x_wconf 83' lang='lat' dir='ltr'>irater</span> <span class='ocrx_word' id='word_1_247' title='bbox 1107 3755 1234 3840; x_wconf 84' lang='lat' dir='ltr'>omnia,</span> <span class='ocrx_word' id='word_1_248' title='bbox 1264 3776 1487 3842; x_wconf 85' lang='lat' dir='ltr'>quaecumque</span> 
     </span>
     <span class='ocr_line' id='line_1_31' title="bbox 294 3860 1486 3946; baseline 0 -19"><span class='ocrx_word' id='word_1_249' title='bbox 294 3863 357 3928; x_wconf 90' lang='lat' dir='ltr'>illis</span> <span class='ocrx_word' id='word_1_250' title='bbox 387 3863 575 3928; x_wconf 86' lang='lat' dir='ltr'>necessaria</span> <span class='ocrx_word' id='word_1_251' title='bbox 597 3861 734 3930; x_wconf 82' lang='lat' dir='ltr'>suerint:</span> <span class='ocrx_word' id='word_1_252' title='bbox 770 3863 922 3931; x_wconf 85' lang='lat' dir='ltr'>ridelioet</span> <span class='ocrx_word' id='word_1_253' title='bbox 945 3861 1117 3929; x_wconf 76' lang='lat' dir='ltr'>utensilias</span> <span class='ocrx_word' id='word_1_254' title='bbox 1148 3861 1303 3944; x_wconf 83' lang='lat' dir='ltr'>bacciles,</span> <span class='ocrx_word' id='word_1_255' title='bbox 1327 3860 1486 3946; x_wconf 82' lang='lat' dir='ltr'>manuleo,</span> 
     </span>
     <span class='ocr_line' id='line_1_32' title="bbox 295 3966 1487 4057; baseline 0.002 -23"><span class='ocrx_word' id='word_1_256' title='bbox 295 3968 391 4035; x_wconf 85' lang='lat' dir='ltr'>situle</span> <span class='ocrx_word' id='word_1_257' title='bbox 421 3968 546 4034; x_wconf 84' lang='lat' dir='ltr'>rinarie</span> <span class='ocrx_word' id='word_1_258' title='bbox 576 3977 677 4056; x_wconf 84' lang='lat' dir='ltr'>atque</span> <span class='ocrx_word' id='word_1_259' title='bbox 707 3972 859 4057; x_wconf 79' lang='lat' dir='ltr'>aquaria,</span> <span class='ocrx_word' id='word_1_260' title='bbox 895 3967 1061 4050; x_wconf 78' lang='lat' dir='ltr'>caldarie,</span> <span class='ocrx_word' id='word_1_261' title='bbox 1096 3969 1253 4036; x_wconf 87' lang='lat' dir='ltr'>cremium</span> <span class='ocrx_word' id='word_1_262' title='bbox 1286 3966 1330 4035; x_wconf 96' lang='lat' dir='ltr'>ad</span> <span class='ocrx_word' id='word_1_263' title='bbox 1359 3968 1487 4036; x_wconf 85' lang='lat' dir='ltr'>minora</span> 
     </span>
     <span class='ocr_line' id='line_1_33' title="bbox 295 4073 1487 4164; baseline 0.001 -23"><span class='ocrx_word' id='word_1_264' title='bbox 295 4075 439 4159; x_wconf 88' lang='lat' dir='ltr'>agenda;</span> <span class='ocrx_word' id='word_1_265' title='bbox 463 4076 647 4159; x_wconf 86' lang='lat' dir='ltr'>scutellule,</span> <span class='ocrx_word' id='word_1_266' title='bbox 665 4078 793 4164; x_wconf 89' lang='lat' dir='ltr'>justitie</span> <span class='ocrx_word' id='word_1_267' title='bbox 815 4077 945 4145; x_wconf 87' lang='lat' dir='ltr'>illorum</span> <span class='ocrx_word' id='word_1_268' title='bbox 970 4097 1045 4143; x_wconf 82' lang='lat' dir='ltr'>curn</span> <span class='ocrx_word' id='word_1_269' title='bbox 1061 4077 1129 4144; x_wconf 83' lang='lat' dir='ltr'>suia</span> <span class='ocrx_word' id='word_1_270' title='bbox 1144 4075 1313 4161; x_wconf 81' lang='lat' dir='ltr'>sciphulia.</span> <span class='ocrx_word' id='word_1_271' title='bbox 1343 4073 1487 4161; x_wconf 70' lang='lat' dir='ltr'>Quando</span> 
     </span>
    </p>
   </div>
   <div class='ocr_carea' id='block_1_9' title="bbox 294 4180 1603 4272">
    <p class='ocr_par' dir='ltr' id='par_1_11' title="bbox 294 4180 1603 4272">
     <span class='ocr_line' id='line_1_34' title="bbox 294 4180 1603 4272; baseline 0 -24"><span class='ocrx_word' id='word_1_272' title='bbox 294 4182 414 4250; x_wconf 85' lang='lat' dir='ltr'>iratres</span> <span class='ocrx_word' id='word_1_273' title='bbox 438 4205 473 4249; x_wconf 90' lang='lat' dir='ltr'>se</span> <span class='ocrx_word' id='word_1_274' title='bbox 496 4183 636 4267; x_wconf 85' lang='lat' dir='ltr'>radunt,</span> <span class='ocrx_word' id='word_1_275' title='bbox 666 4187 729 4272; x_wconf 87' lang='lat' dir='ltr'>ipsi</span> <span class='ocrx_word' id='word_1_276' title='bbox 751 4208 816 4252; x_wconf 92' lang='lat' dir='ltr'>uno</span> <span class='ocrx_word' id='word_1_277' title='bbox 840 4184 895 4252; x_wconf 91' lang='lat' dir='ltr'>die</span> <span class='ocrx_word' id='word_1_278' title='bbox 918 4185 943 4272; x_wconf 88' lang='lat'>][</span> <span class='ocrx_word' id='word_1_279' title='bbox 966 4190 1047 4250; x_wconf 89' lang='lat' dir='ltr'>ante</span> <span class='ocrx_word' id='word_1_280' title='bbox 1069 4206 1105 4251; x_wconf 88' lang='lat' dir='ltr'>se</span> <span class='ocrx_word' id='word_1_281' title='bbox 1127 4182 1260 4253; x_wconf 77' lang='lat' dir='ltr'>radant</span> <span class='ocrx_word' id='word_1_282' title='bbox 1307 4180 1346 4250; x_wconf 89' lang='lat' dir='ltr'>Si</span> <span class='ocrx_word' id='word_1_283' title='bbox 1368 4181 1485 4269; x_wconf 78' lang='lat' dir='ltr'>aliquis</span> <span class='ocrx_word' id='word_1_284' title='bbox 1596 4228 1603 4240; x_wconf 84' lang='lat'><strong>·</strong></span> 
     </span>
    </p>
   </div>
   <div class='ocr_carea' id='block_1_10' title="bbox 294 4288 1484 4376">
    <p class='ocr_par' dir='ltr' id='par_1_12' title="bbox 294 4288 1484 4376">
     <span class='ocr_line' id='line_1_35' title="bbox 294 4288 1484 4376; baseline 0 -20"><span class='ocrx_word' id='word_1_285' title='bbox 294 4312 334 4356; x_wconf 81' lang='lat' dir='ltr'>ex</span> <span class='ocrx_word' id='word_1_286' title='bbox 371 4290 450 4376; x_wconf 82' lang='lat' dir='ltr'>ipsis</span> <span class='ocrx_word' id='word_1_287' title='bbox 488 4292 636 4360; x_wconf 81' lang='lat' dir='ltr'>exiturus</span> <span class='ocrx_word' id='word_1_288' title='bbox 675 4300 725 4359; x_wconf 86' lang='lat' dir='ltr'>est</span> <span class='ocrx_word' id='word_1_289' title='bbox 762 4294 796 4359; x_wconf 89' lang='lat' dir='ltr'>in</span> <span class='ocrx_word' id='word_1_290' title='bbox 835 4292 998 4372; x_wconf 87' lang='lat' dir='ltr'>crastino,</span> <span class='ocrx_word' id='word_1_291' title='bbox 1037 4311 1112 4358; x_wconf 90' lang='lat' dir='ltr'>cum</span> <span class='ocrx_word' id='word_1_292' title='bbox 1151 4288 1335 4358; x_wconf 87' lang='lat' dir='ltr'>senioribus</span> <span class='ocrx_word' id='word_1_293' title='bbox 1373 4289 1484 4356; x_wconf 84' lang='lat' dir='ltr'>faciat.</span> 
     </span>
    </p>
   </div>
   <div class='ocr_carea' id='block_1_11' title="bbox 382 4467 1182 4808">
    <p class='ocr_par' dir='ltr' id='par_1_13' title="bbox 382 4467 1182 4631">
     <span class='ocr_line' id='line_1_36' title="bbox 385 4467 1182 4541; baseline 0.004 -19"><span class='ocrx_word' id='word_1_294' title='bbox 385 4468 404 4538; x_wconf 87' lang='lat'>¹)</span> <span class='ocrx_word' id='word_1_295' title='bbox 423 4468 517 4525; x_wconf 83' lang='lat' dir='ltr'>Verba</span> <span class='ocrx_word' id='word_1_296' title='bbox 533 4469 601 4526; x_wconf 82' lang='lat' dir='ltr'>haec</span> <span class='ocrx_word' id='word_1_297' title='bbox 619 4469 715 4541; x_wconf 80' lang='lat' dir='ltr'>,quasi</span> <span class='ocrx_word' id='word_1_298' title='bbox 733 4469 762 4526; x_wconf 88' lang='lat' dir='ltr'>in</span> <span class='ocrx_word' id='word_1_299' title='bbox 780 4470 857 4526; x_wconf 85' lang='lat' dir='ltr'>loco“</span> <span class='ocrx_word' id='word_1_300' title='bbox 877 4469 934 4526; x_wconf 79' lang='lat' dir='ltr'>alla</span> <span class='ocrx_word' id='word_1_301' title='bbox 952 4485 1050 4525; x_wconf 75' lang='lat' dir='ltr'>mauu·</span> <span class='ocrx_word' id='word_1_302' title='bbox 1069 4467 1182 4540; x_wconf 79' lang='lat' dir='ltr'>adjecit.</span> 
     </span>
     <span class='ocr_line' id='line_1_37' title="bbox 382 4556 985 4631; baseline 0.002 -17"><span class='ocrx_word' id='word_1_303' title='bbox 382 4556 406 4624; x_wconf 72' lang='lat' dir='ltr'>a)</span> <span class='ocrx_word' id='word_1_304' title='bbox 426 4559 533 4614; x_wconf 80' lang='lat' dir='ltr'>Besara</span> <span class='ocrx_word' id='word_1_305' title='bbox 551 4559 629 4629; x_wconf 80' lang='lat' dir='ltr'>quasi</span> <span class='ocrx_word' id='word_1_306' title='bbox 647 4557 706 4631; x_wconf 74' lang='lat' dir='ltr'>2¹ls</span> <span class='ocrx_word' id='word_1_307' title='bbox 723 4575 775 4615; x_wconf 83' lang='lat' dir='ltr'>em.</span> <span class='ocrx_word' id='word_1_308' title='bbox 793 4556 985 4631; x_wconf 72' lang='lat' dir='ltr'>longitudinis.</span> 
     </span>
    </p>

    <p class='ocr_par' dir='ltr' id='par_1_14' title="bbox 383 4644 541 4717">
     <span class='ocr_line' id='line_1_38' title="bbox 383 4644 541 4717; baseline 0 -13"><span class='ocrx_word' id='word_1_309' title='bbox 383 4644 406 4717; x_wconf 86' lang='lat'>¹)</span> <span class='ocrx_word' id='word_1_310' title='bbox 425 4647 541 4704; x_wconf 77' lang='lat' dir='ltr'>Ramra</span> 
     </span>
    </p>

    <p class='ocr_par' dir='ltr' id='par_1_15' title="bbox 382 4734 753 4808">
     <span class='ocr_line' id='line_1_39' title="bbox 382 4734 753 4808; baseline 0.005 -17"><span class='ocrx_word' id='word_1_311' title='bbox 382 4735 407 4807; x_wconf 78' lang='lat'>⁴)</span> <span class='ocrx_word' id='word_1_312' title='bbox 425 4736 495 4808; x_wconf 85' lang='lat' dir='ltr'>Reg.</span> <span class='ocrx_word' id='word_1_313' title='bbox 513 4735 540 4792; x_wconf 86' lang='lat' dir='ltr'>S.</span> <span class='ocrx_word' id='word_1_314' title='bbox 552 4734 654 4793; x_wconf 85' lang='lat' dir='ltr'>Beued.</span> <span class='ocrx_word' id='word_1_315' title='bbox 672 4750 697 4793; x_wconf 81' lang='lat' dir='ltr'>e.</span> <span class='ocrx_word' id='word_1_316' title='bbox 709 4735 753 4793; x_wconf 75' lang='lat' dir='ltr'>dd.</span> 
     </span>
    </p>
   </div>
   <div class='ocr_carea' id='block_1_12' title="bbox 0 0 1901 5375">
    <p class='ocr_par' dir='ltr' id='par_1_16' title="bbox 0 0 1901 5375">
     <span class='ocr_line' id='line_1_40' title="bbox 0 0 1901 5375; baseline 0 0"><span class='ocrx_word' id='word_1_317' title='bbox 0 0 1901 5375; x_wconf 95' lang='lat' dir='ltr'> </span> 
     </span>
    </p>
   </div>
  </div>
 </body>
</html>
