3792 5375
855 511 1075 574 ..62-

378 702 536 768 ruatutina
572 724 631 789 pro
665 701 842 785 defunctis,
877 706 969 769 Deus
999 705 1138 769 auribus
1173 703 1308 783 riostris,
1346 709 1377 770 et
1412 701 1553 787 quinque

377 808 535 893 psalmos,
559 830 620 894 pro
655 807 810 875 iratribus
837 830 942 894 nuper
972 808 1143 878 defunctis.
1193 807 1282 873 Ante
1312 808 1449 893 primam
1480 808 1554 874 sub·

376 915 534 982 tollantur
557 914 658 1000 pallia
681 914 847 997 ecclesiae,
872 922 905 981 et
928 916 1169 1000 evangeliorum
1192 920 1307 996 testes,
1331 922 1364 980 et
1379 915 1443 981 alia
1459 936 1553 982 orna·

377 1028 503 1106 menta,
534 1043 619 1106 «lirae
650 1043 741 1087 rusum
772 1029 820 1087 est
845 1021 976 1088 ausa-n.
1021 1021 1078 1087 Ad
1108 1022 1263 1107 primam,
1299 1024 1461 1091 Miserere
1491 1027 1556 1090 sieri

375 1133 464 1205 dens,
490 1134 614 1214 septem
638 1127 798 1211 Psalmos,
823 1135 855 1194 et
870 1128 1026 1194 letaniam
1042 1135 1140 1214 atqm
1157 1129 1289 1194 missam
1305 1150 1363 1212 pro
1380 1128 1552 1195 defunctis.

375 1235 415 1300 In
433 1235 612 1320 capitulum
629 1235 893 1301 convenientibus
910 1233 1014 1301 tribus
1030 1234 1164 1316 vicibus,
1188 1239 1281 1302 Dens
1297 1240 1330 1303 in
1350 1239 1553 1324 aiijrrtorinm

375 1365 481 1409 arreum
504 1346 642 1421 intends,
667 1342 790 1427 absque
813 1341 1060 1428 gentillectendo
1089 1341 1226 1411 dicatur.
1273 1340 1490 1427 Surgentibus
1513 1364 1554 1409 ex

375 1448 445 1533 ipso
462 1447 580 1532 iulans,
604 1449 659 1534 qui
679 1450 801 1534 pumirs
824 1448 865 1515 de
881 1449 954 1515 aliis
970 1457 1030 1532 est,
1047 1470 1246 1534 praeparare
1262 1449 1408 1515 talmlam
1426 1470 1555 1534 semper

375 1554 473 1622 debet
496 1554 704 1640 adpriorcm,
729 1555 778 1621 sel
802 1554 845 1621 ad
869 1556 969 1638 illum,
994 1557 1049 1642 qui
1066 1557 1212 1623 ordinem
1229 1563 1329 1637 tenet,
1354 1557 1382 1622 ai
1398 1577 1554 1643 praesens

374 1662 464 1747 prior
479 1684 544 1727 non
561 1662 670 1742 suerit,
695 1685 779 1748 (puae
803 1664 907 1729 sexies
929 1663 1055 1749 percuti
1079 1662 1234 1746 delictum
1252 1663 1392 1750 psalrnos
1408 1662 1554 1729 deberis

374 1768 600 1851 familiaribus,
624 1792 706 1854 quos
728 1769 878 1836 solebant
902 1770 1019 1851 dicere,
1044 1770 1223 1837 dimittant
1254 1770 1341 1838 Nam
1358 1771 1384 1837 si
1400 1769 1553 1852 evenerit,

374 1885 411 1942 nt
435 1875 575 1961 aliquem
599 1876 760 1962 psalnmm
777 1878 898 1963 imponi
913 1899 1045 1944 necesse
1061 1876 1171 1958 luerit,
1196 1885 1254 1944 aut
1273 1878 1342 1964 jam
1365 1877 1553 1944 inchoatum

375 1982 559 2066 habuerint,
583 1983 634 2050 sel
658 1983 847 2052 defunctum
878 1985 1059 2066 tenuerint,
1091 2008 1151 2071 pro
1181 1984 1243 2052 hoc
1273 1984 1449 2052 decantare
1479 2005 1553 2051 con·

375 2113 490 2177 gruum
521 2088 658 2157 videtur.
706 2090 863 2158 Pulsante
897 2091 980 2159 hora
1013 2093 1110 2160 tertia
1145 2092 1341 2159 conueniant
1374 2112 1486 2158 omnes
1519 2091 1554 2157 iu

376 2197 562 2277 ecelesiam,
596 2205 629 2263 et
660 2197 702 2263 ad
726 2199 906 2265 orationem
930 2199 1063 2286 expleta
1086 2205 1141 2264 eat
1170 2198 1324 2265 sacerdos
1357 2220 1430 2264 cum
1460 2198 1554 2264 mini·

376 2306 452 2370 stris
476 2311 510 2370 et
530 2303 678 2371 inalbent
702 2326 754 2389 se3
777 2307 909 2372 veniens
931 2307 964 2372 in
989 2305 1087 2374 choro
1115 2304 1233 2385 denuo,
1257 2306 1382 2390 signum
1405 2303 1555 2391 pulsetur

376 2417 475 2495 atque
498 2410 613 2477 horam
644 2410 786 2479 reddant
808 2420 842 2478 et
869 2434 952 2498 puer
980 2413 1113 2480 inchoet
1141 2412 1315 2496 letaniam
1346 2410 1389 2478 ad
1417 2410 1553 2479 offeren-

376 2516 451 2584 dam
474 2517 498 2605 ][
522 2517 646 2585 radant
668 2518 939 2606 quemadmodum
964 2541 1034 2588 mos
1064 2526 1124 2587 est.
1170 2517 1273 2587 Sexta
1302 2519 1384 2586 seria
1412 2540 1555 2605 namque

376 2646 473 2711 agere
497 2624 618 2693 debent
648 2626 780 2694 missam
809 2632 944 2695 sanctae
973 2627 1087 2697 crucis.
1134 2626 1218 2695 Post
1249 2648 1369 2694 nouam
1399 2632 1555 2694 exeuntes

376 2755 416 2799 ex
426 2734 452 2819 ¹)
485 2733 670 2819 refectorio,
701 2733 925 2801 coadunentur
955 2736 988 2801 in
1017 2735 1180 2822 capitulo,
1215 2741 1248 2802 et
1280 2734 1418 2801 donmus
1450 2732 1555 2801 abbas

377 2840 467 2907 dicat
482 2841 585 2908 tribus
600 2841 734 2924 vicibus,
751 2844 842 2908 Dens
857 2846 892 2910 r'n
907 2843 1111 2931 aciJ'irtorr'nm
1127 2868 1233 2910 arerem
1248 2843 1393 2924 interrde5
1413 2842 1555 2910 Domine

377 2952 426 3015 ad
445 2952 674 3037 adirrrundam
699 2972 748 3014 ine
760 2954 902 3035 festina.
934 2949 1090 3035 Inprimis
1106 2949 1300 3029 reverentia,
1324 2955 1424 3034 atque
1440 2946 1554 3014 tabula

377 3061 533 3121 sonantes
549 3076 606 3121 sex
621 3055 733 3141 pulsis.
762 3055 880 3123 Gcmm
903 3055 991 3121 nullo
1013 3062 1160 3142 tempore
1181 3057 1215 3122 in
1237 3055 1300 3122 hac
1321 3075 1418 3141 prece
1441 3075 1554 3121 cursa·

377 3159 509 3231 buntur.
544 3160 672 3246 Oratio,
689 3166 926 3230 paternoster.
958 3164 1129 3232 Etnenos.
1166 3166 1380 3251 Adjutorr‘rmr
1397 3174 1553 3229 nostrum.

377 3270 573 3337 Berredicits.
606 3267 642 3337 Si
666 3270 738 3355 quis
753 3268 854 3335 leorae
870 3291 980 3335 nonne
993 3291 1059 3335 non
1076 3290 1231 3354 praesens
1248 3267 1345 3336 luerit
1360 3267 1464 3336 mmai
1478 3289 1554 3354 neg·

375 3374 534 3460 legentia,
564 3376 599 3442 in
629 3376 772 3462 capitulo
802 3376 1057 3444 satisfactionem
1085 3375 1186 3442 iaciat
1210 3375 1359 3442 omnibus
1382 3373 1554 3459 stantibus,

376 3482 444 3550 alia
465 3504 607 3570 uanique
623 3484 770 3551 facinora
785 3484 1050 3551 incrastinentur.
1081 3484 1249 3550 Exeuntes
1267 3481 1343 3549 inde
1358 3481 1556 3550 inclinentur

377 3598 454 3657 ante
470 3597 504 3657 et
519 3597 617 3671 retro,
642 3597 675 3656 et
697 3598 812 3676 pergat
834 3591 1055 3678 unusquisque
1079 3588 1166 3676 quod
1190 3590 1219 3656 ei
1243 3589 1422 3674 injunctum
1446 3589 1555 3657 suerit.

376 3694 559 3784 Vesperam
582 3719 722 3784 namque
745 3697 936 3764 exeuntibus
961 3697 1170 3764 sortitoribus
1194 3697 1235 3764 de
1257 3696 1437 3779 refectorio,
1461 3706 1557 3767 sonet

376 3803 520 3888 signum,
555 3810 588 3871 et
622 3806 815 3871 conveniant
849 3806 956 3872 carnoti
987 3806 1020 3872 in
1050 3827 1166 3889 unum,
1202 3814 1234 3871 et
1263 3810 1383 3891 agutur
1411 3803 1555 3871 officium

376 3918 588 3982 mortuorunt
1620 3896 1623 3901 ⁵

464 4016 564 4084 LXI.
588 4018 763 4106 Dominica
784 4019 892 4107 prime

465 4132 541 4209 post
570 4124 706 4193 octabas
729 4126 871 4213 paschae
899 4126 1030 4193 sabbati
1059 4126 1103 4193 ad
1125 4123 1273 4211 Vespere
1303 4122 1554 4211 responsorium,

377 4231 452 4315 ligo
467 4235 553 4299 sicat
566 4234 653 4299 ritis.
682 4232 890 4317 vitatorium,
907 4235 1068 4322 Alleluia,
1090 4235 1199 4302 Venite
1214 4236 1395 4300 exrrltemns
1414 4232 1554 4309 dornino,

377 4333 410 4401 in
435 4357 473 4404 eo
504 4344 582 4405 tono
612 4340 695 4405 sieut
719 4340 988 4426 septuagesimae.
1034 4339 1235 4425 Lectiones)
1257 4337 1298 4404 de
1322 4335 1554 4423 revelationc’)
