3792 5375
785 433 1012 495 ..99-

300 648 430 693 necnon
454 633 488 693 et
511 623 663 691 mantiles
687 632 720 690 et
744 624 882 710 squillas
911 632 1087 710 argenteas
1114 622 1159 690 ad
1182 621 1366 688 ornandam
1388 620 1496 707 ipsam

300 734 406 802 edem.
461 733 601 799 Missam
639 730 867 798 matutinalem
898 741 999 817 agant
1029 731 1072 798 ds
1104 737 1221 796 sancto
1250 727 1401 809 eusebio,
1435 723 1497 793 ad·

296 841 475 924 jungentes
513 838 598 903 alins
635 860 697 925 pro
733 837 909 904 defunctis
963 837 1180 906 Odere-udam
1213 857 1327 902 omncs
1362 832 1497 900 saciant.

302 948 384 1012 Post
414 944 595 1031 capitulum
627 947 761 1011 seruiunt
795 967 909 1011 omnes
943 944 989 1011 ad
1019 943 1215 1010 radendum.
1260 940 1346 1009 Post
1368 949 1497 1008 maan

301 1074 374 1117 cum
399 1052 566 1121 audierint
590 1053 719 1136 siguum
743 1060 879 1136 surgant
904 1075 922 1118 a
946 1051 1090 1134 lectulis,
1120 1051 1234 1116 lacent
1257 1070 1375 1115 manas
1395 1057 1498 1133 atque
1562 1135 1567 1144 .

301 1159 414 1240 iacies,
438 1170 471 1226 ct
496 1170 575 1227 caut
599 1160 691 1244 pueri
715 1161 748 1225 in
773 1159 967 1225 aecclesiam
990 1157 1116 1243 alisque
1139 1157 1239 1224 ullius
1262 1157 1374 1224 souitu
1397 1153 1498 1239 signi:

301 1266 425 1333 iaciant
450 1266 629 1345 orationes,
658 1275 692 1333 ct
714 1265 895 1331 induantur
917 1264 1073 1332 sacerdos
1096 1263 1224 1346 casula,
1243 1262 1405 1330 &conus
1427 1260 1499 1328 dal·

300 1375 432 1454 matica,
458 1373 680 1439 subdiaconus
704 1373 826 1439 tunica
872 1370 1001 1440 Cantor
1024 1374 1058 1438 in
1080 1372 1185 1438 clioro
1207 1372 1250 1437 sit
1273 1392 1350 1437 cum
1371 1390 1500 1457 cappa3

301 1492 369 1547 trcs
392 1481 541 1547 conversi
565 1480 667 1562 albis,
695 1501 834 1567 quorum
858 1479 923 1547 duo
947 1479 1103 1546 delerant
1133 1476 1356 1559 candelabra,
1379 1476 1499 1544 tertius

301 1587 492 1655 turibulum.
540 1586 693 1654 Infantes
715 1609 829 1652 omnes
849 1588 916 1653 sint
937 1588 972 1652 in
988 1586 1089 1670 albis3
1112 1585 1180 1652 duo
1195 1585 1317 1652 frames
1330 1584 1367 1652 in
1382 1585 1501 1672 cappis

301 1695 345 1762 ad
368 1695 616 1762 decantandum
640 1695 901 1781 responsorium:
925 1703 961 1762 et
984 1707 1063 1760 tunc
1077 1692 1251 1780 pulsentur
1266 1691 1378 1759 omnia
1393 1692 1500 1776 signa.

301 1802 385 1869 'l'res
408 1804 494 1868 cerci
518 1809 718 1888 coaptentur
740 1800 785 1867 ad
809 1801 897 1869 hanc
919 1802 1056 1868 missam
1079 1809 1159 1868 ante
1173 1799 1293 1868 altare.
1331 1797 1500 1882 Officium,

303 1914 409 1977 Salsu
430 1924 549 1977 sancta
565 1924 706 1996 parcus.
753 1906 916 1990 Collecta,
940 1913 1037 1977 Deus
1058 1913 1120 1996 qui
1139 1908 1346 1995 rirginalenr
1366 1909 1498 1988 αιΙααα,
1615 1997 1621 2006 ’

300 2025 336 2083 et
352 2016 440 2083 aliae
456 2016 778 2083 consuetudinarias.
811 2015 989 2083 Lectiones
1012 2015 1054 2082 de
1072 2014 1258 2102 Sapientia,
1273 2014 1299 2103 ll
1312 2016 1504 2102 Egoquasi
1581 2021 1683 2063 “W

301 2129 383 2192 eriis
401 2123 672 2211 fructificor·i.l·)
717 2122 995 2208 Responson'nm,
1019 2127 1200 2192 Benedicta
1228 2134 1263 2190 et
1282 2123 1499 2190 arunabilr's.
1526 2129 1556 2172 <··
1570 2127 1646 2169 Μ’
1660 2126 1747 2176 ¹¹¹¹·

301 2231 451 2315 Alterura
483 2231 516 2297 n
550 2230 615 2297 nac
649 2229 732 2297 hora
762 2251 823 2295 nec
853 2232 994 2300 mnus.
1047 2229 1284 2315 cingerum,
1322 2231 1502 2297 esum
1619 2202 1657 2242 ²

300 2342 465 2425 quaedam
490 2338 663 2405 mulind&
709 2336 856 2422 Require
877 2336 912 2402 in
935 2336 1192 2424 quadragesima
1206 2335 1374 2403 dominica
1387 2336 1501 2406 term
1527 2342 1559 2386 θ’
1577 2342 1699 2392 ¹⁸⁵³·
1712 2342 1749 2383 ⁸²·

302 2442 535 2524 offertorium,
575 2449 646 2511 Aue
669 2448 783 2511 maria
807 2447 931 2529 gratia
955 2448 1079 2532 plena,
1118 2452 1154 2510 et
1187 2442 1316 2510 dimidii
1344 2442 1501 2527 offerant,

302 2554 387 2618 sicut
411 2552 462 2617 nsi
485 2558 565 2617 sunt
588 2549 765 2616 cotidianis
788 2549 917 2619 diebus.
962 2549 1177 2633 Communia,
1207 2554 1319 2620 Beata
1340 2573 1377 2618 es
1398 2555 1503 2638 surge

302 2664 426 2729 ruurr'a.
474 2658 553 2745 Ipso
578 2656 631 2726 die
655 2658 786 2744 adipem
810 2680 875 2726 non
899 2657 1121 2739 commedant,
1144 2667 1177 2726 et
1197 2656 1356 2746 quicquid
1370 2678 1502 2739 remu·

301 2768 383 2834 serit
417 2767 452 2832 iu
487 2765 681 2848 refectorio,
717 2764 975 2852 elemosynarius
1016 2767 1172 2853 accipiat
1228 2765 1287 2834 Ad
1327 2786 1501 2852 vesperam

301 2875 415 2961 primis
441 2874 613 2962 pulsentur
636 2872 722 2939 duae
746 2872 899 2958 squillae,
929 2873 1141 2961 postmodum
1163 2872 1233 2940 duo
1254 2880 1290 2940 et
1315 2873 1384 2941 duo
1406 2872 1503 2958 sigua

303 2981 527 3047 sonabuntur:
562 2980 737 3046 duodecim
760 2982 847 3047 cerei
870 2989 949 3048 autc
971 2980 1090 3063 altare,
1113 2989 1206 3049 retro
1228 2980 1354 3049 decem.
1399 2980 1502 3047 Anti·

302 3086 434 3174 phonas
463 3108 563 3174 super
593 3086 750 3173 psalmos,
776 3087 927 3174 Oquam
946 3092 1095 3175 pulchra
1118 3113 1165 3156 es.
1209 3086 1421 3175 Capitulum,
1459 3089 1502 3154 In

302 3196 453 3262 oumibus
475 3198 634 3281 requiem.
680 3193 955 3280 Responson‘um,
984 3198 1091 3263 Beata
1112 3220 1150 3264 es
1172 3198 1274 3281 uirgo
1295 3199 1422 3278 inaruit,
1444 3196 1506 3262 dei

296 3304 465 3385 genitrix.
519 3299 668 3385 Ymuns‚
708 3305 784 3369 Are
813 3304 922 3369 uraris
947 3305 1060 3369 stella.
1113 3301 1193 3368 Duo
1226 3300 1418 3368 sacerdotes
1450 3300 1501 3368 in·

301 3408 447 3472 eluantur
477 3407 593 3493 cappis
622 3405 667 3473 ad
695 3407 931 3474 circumdando
954 3408 1076 3475 altaria
1099 3408 1245 3477 incenso.
1289 3406 1501 3494 Antiphona,

302 3516 478 3600 Parudysi
491 3527 624 3601 portae,
648 3520 683 3580 ct
706 3514 952 3601 triumphaliter
965 3523 1117 3582 canatur.
1155 3515 1311 3596 Orcmus,
1334 3515 1505 3604 Densqui

302 3623 509 3708 virginalem
543 3623 660 3688 arulam
684 3621 810 3691 heatae.
840 3620 899 3688 Ad
915 3623 1092 3689 stationem
1109 3622 1366 3707 responsorium,
1391 3625 1502 3711 Super

301 3731 443 3796 salutem
468 3742 501 3795 ct
520 3751 649 3795 omuem
675 3731 959 3814 pulcritudinem,
990 3751 1104 3795 sersus
1126 3736 1227 3814 atque
1249 3729 1436 3796 orationem
1457 3728 1502 3796 dc

301 3834 376 3921 ipsa
399 3834 511 3916 beata,
545 3857 644 3921 quam
678 3835 766 3901 uelit.
815 3836 906 3901 Ante
929 3836 1124 3902 nocturnale
1146 3836 1359 3923 obsequium,
1392 3837 1502 3923 prius·

301 3965 402 4027 equam
426 3952 586 4009 sonentur
609 3943 714 4029 signa,
740 3941 966 4008 accendantur
987 3965 1102 4010 ornnes
1124 3965 1257 4026 corone,
1279 3952 1315 4011 et
1335 3950 1408 4011 tres
1421 3964 1501 4011 can·

302 4048 375 4115 delo
398 4056 478 4115 ante
501 4048 608 4115 altare
632 4050 750 4133 majus,
774 4058 808 4116 et
831 4058 921 4116 retro
943 4049 1042 4130 duae,
1065 4016 1187 4117 dcidde
1200 4049 1375 4136 pulsentur
1389 4050 1503 4117 omnia

302 4157 396 4239 signa
430 4175 603 4240 quousque
642 4154 787 4221 infantes
822 4156 965 4224 veniant
1024 4155 1082 4223 Ad
1116 4158 1308 4225 vitatorium
1341 4165 1503 4244 quattuor

302 4263 487 4327 vestiantur
518 4260 644 4345 cappis.
696 4261 865 4347 Hymnus,
905 4265 1010 4344 (luem
1047 4278 1143 4331 terra
1173 4277 1315 4351 mutus,
1350 4267 1501 4334 cerdera.

302 4365 479 4432 lectiones
512 4365 667 4449 legantur
675 4367 701 4453 ¹)
746 4389 860 4434 omnes
899 4392 940 4436 ex
980 4392 1132 4437 sermone
1170 4372 1278 4438 meti
1314 4371 1501 4443 hieronimi.

395 4596 419 4668 Ι)
437 4596 554 4654 Rasum.

1353 4689 1392 4747 πο
