3792 5375
798 554 1046 617 -169-

328 748 494 832 phonones·
524 766 544 811 e
572 743 702 810 famulis
732 743 967 830 deportentur,
1003 754 1039 813 ct
1072 769 1173 813 unum
1209 747 1340 834 aignmu
1372 768 1448 814 corn
1475 748 1524 815 eia

328 855 510 919 mittantur.
550 849 677 918 Cantor
692 852 832 938 incipiat
847 853 1103 937 responsorium,
1127 857 1249 923 Sancte
1272 857 1447 937 anarcelle,
1471 852 1524 921 rel

328 957 505 1026 secundnm
529 957 645 1044 quales
664 957 801 1043 reliquie
817 965 895 1024 eunt
910 964 944 1025 et
960 959 1181 1041 incensentur,
1205 967 1393 1047 exeantque
1408 982 1524 1029 omnes
1557 1004 1563 1012 ·

327 1068 451 1153 pariter
473 1075 568 1132 extra
599 1071 713 1151 portae
742 1086 927 1147 murorum,
958 1065 1049 1152 quod
1072 1066 1312 1134 circumdatum
1336 1074 1388 1134 est
1410 1088 1523 1135 mona·

328 1174 472 1240 sterium.
501 1170 595 1239 Tunc
611 1172 677 1237 sint
691 1181 883 1257 praesentes
899 1172 956 1238 ulii
972 1172 1104 1256 iratres,
1120 1173 1175 1259 «poi
1193 1173 1377 1258 suscipiant
1391 1180 1523 1241 uncto·

327 1301 399 1345 rnin
417 1278 583 1364 reliquias,
600 1287 633 1344 et
650 1278 765 1344 famuli
775 1279 800 1361 ¹)
815 1286 852 1345 ut
867 1278 1096 1365 deportentur,
1112 1279 1169 1347 ubi
1183 1300 1320 1347 neeesse
1336 1279 1471 1363 inerint,
1489 1290 1524 1347 et

328 1388 447 1453 iratres
480 1386 637 1471 inchoent
670 1384 832 1470 psalmos,
868 1389 928 1452 ‚td
946 1390 1128 1454 Dominmn
1158 1410 1233 1454 curu
1266 1388 1458 1455 trituram
1490 1396 1526 1454 et

327 1501 535 1561 reuertuntur
557 1494 590 1557 in
614 1491 762 1572 chorum,
786 1500 821 1558 et
844 1499 969 1559 exuant
992 1516 1028 1560 se
1051 1501 1087 1561 et
1107 1501 1266 1580 pergant,
1298 1493 1524 1581 unusquisque

328 1601 370 1668 ad
393 1600 504 1667 officia
527 1620 598 1668 sua
638 1599 704 1665 lllo
731 1607 878 1684 tempore
900 1600 1035 1686 quando
1059 1600 1221 1668 reversuri
1243 1609 1322 1668 sunt
1344 1608 1525 1687 procurent

329 1717 428 1775 nntea
451 1707 603 1773 nurrtiare
627 1707 661 1772 in
686 1706 891 1789 coenobium,
916 1715 953 1774 ut
975 1708 1042 1774 tint
1064 1729 1180 1775 omnes
1203 1706 1324 1775 iratres
1345 1708 1381 1773 in
1397 1707 1524 1794 cappis,

327 1816 471 1882 insontes
495 1815 528 1879 in
552 1812 648 1883 albis.
691 1813 791 1881 Prior
813 1813 952 1899 incipiat
973 1814 1130 1899 psalmos,
1153 1818 1321 1884 distavere
1343 1818 1413 1883 mei
1432 1817 1524 1883 deas.

329 1927 421 1991 Dens
444 1925 479 1989 in
502 1926 632 1989 ›wittinc
654 1936 720 1989 tun
761 1924 854 1989 Deus
879 1926 914 1988 in
935 1925 1155 2011 arbitrarium.
1194 1924 1287 1989 Deus
1310 1923 1524 2005 roderentur,

329 2038 362 2096 et
385 2037 463 2096 eant
486 2030 519 2094 in
550 2026 679 2094 obviam
704 2028 829 2094 sanctis
851 2027 1010 2115 reliquiis.
1056 2027 1236 2097 Secretarii
1265 2027 1401 2115 pulsent
1430 2029 1526 2115 signa

330 2138 378 2204 tel
403 2136 560 2221 samuli¹),
592 2156 695 2221 neque
718 2133 797 2201 dum
820 2136 888 2202 sint
917 2136 1029 2205 omnia
1050 2144 1197 2221 pei-octa.
1242 2134 1340 2207 Tunc
1369 2134 1527 2204 inchoent

328 2243 583 2330 responsorium,
619 2246 685 2310 Iste
716 2256 860 2310 sanctus.
908 2240 1012 2309 Dicat
1040 2241 1196 2311 sacerdos
1225 2264 1359 2328 venua,
1389 2245 1524 2331 Magne

329 2367 377 2419 cs!
392 2356 510 2438 glorio
534 2354 623 2438 ejus,
655 2348 706 2415 vel
737 2347 919 2416 seeundum
949 2348 1063 2435 quales
1093 2348 1232 2436 reliquie
1259 2348 1384 2417 inerint
1407 2349 1524 2437 adper-

327 2462 468 2526 tinentes
491 2456 665 2524 collectam
689 2464 723 2524 et
748 2477 877 2542 preces,
908 2454 1029 2522 deinde
1059 2456 1257 2528 incensetur.
1304 2455 1453 2524 Rursum
1475 2457 1524 2524 in·

326 2567 444 2634 clroont
468 2563 558 2631 aliud
592 2564 834 2649 responsorium
866 2585 1047 2648 congruum
1077 2564 1202 2630 sanctie
1224 2562 1388 2651 reliquiis,
1418 2564 1525 2631 etita

327 2673 471 2761 peractis
495 2677 573 2739 eant
601 2670 635 2738 in
666 2671 918 2747 monasterium,
949 2678 983 2737 et
1012 2677 1181 2757 ponantur
1210 2670 1349 2759 reliquie
1379 2670 1437 2740 ubi
1466 2694 1525 2760 po·

325 2780 433 2849 nende
468 2787 564 2863 sunt3
599 2779 709 2845 denuo
743 2780 970 2861 incensentur,
1006 2785 1041 2845 et
1069 2784 1186 2863 pergat
1221 2778 1447 2866 unnsquisque
1478 2778 1523 2846 ad

326 2912 409 2978 opus
432 2910 536 2956 sunm.

734 3065 835 3142 Item.
891 3065 949 3142 De
978 3065 1117 3147 eodem

415 3262 562 3330 XXXI.
585 3258 612 3352 ][
636 3260 781 3347 Quando
797 3282 917 3346 corpus
933 3268 1085 3328 sanetum
1102 3259 1182 3328 forie
1197 3260 1399 3345 portandum
1422 3267 1473 3327 est
1489 3259 1523 3327 in
1630 3293 1648 3319 ο

326 3372 426 3455 albis,
457 3370 580 3437 debent
609 3390 682 3435 esse
706 3368 815 3434 uestiti
845 3376 881 3433 et
909 3368 952 3434 de
984 3368 1056 3453 ipso
1086 3376 1203 3434 sancto
1231 3367 1325 3453 cujus
1347 3373 1525 3453 portentur

326 3478 483 3563 reliquiae
514 3476 566 3542 uel
602 3475 847 3561 responsorium
879 3474 930 3541 rel
969 3472 1185 3560 antiphonam
1221 3480 1377 3558 mutent,
1417 3471 1525 3541 donec

325 3583 509 3653 revertendi
533 3584 624 3668 prior
647 3583 776 3666 signum
800 3581 912 3650 saciat.
948 3581 991 3647 In
1014 3580 1210 3648 revertendo
1231 3580 1380 3668 psalmos
1398 3578 1523 3647 dicant.

326 3693 406 3760 Corn
425 3712 502 3759 uero
526 3689 664 3775 reliquie
682 3695 906 3773 reportantur,
932 3688 965 3753 in
989 3688 1102 3772 cappis
1124 3688 1234 3753 uestiti
1257 3686 1382 3755 debent
1403 3685 1524 3768 irenes

325 3798 574 3886 occurre(re),²)
591 3807 624 3865 et
640 3819 715 3863 cum
731 3795 849 3861 exituri
865 3801 954 3874 sunt,
977 3794 1013 3861 in
1028 3792 1129 3860 choro
1146 3792 1245 3861 debet
1259 3794 1352 3879 prior
1366 3793 1522 3880 incipere,

326 3911 490 3976 illisercre
514 3911 581 3974 mci
595 3910 698 3971 Dim.
730 3906 824 3969 Deus
846 3906 881 3969 in
905 3905 1035 3970 nombre
1056 3915 1122 3971 tuo.
1156 3903 1320 3968 Miserere
1335 3902 1405 3968 neri
1416 3901 1520 3982 Deus,

325 4019 483 4084 priserm
506 4014 580 4082 mei.
623 4015 717 4078 Deus
742 4011 952 4077 miscreatur.
989 4012 1082 4076 Deus
1105 4012 1140 4076 in
1163 4008 1381 4097 adj'utorium,
1406 4012 1442 4074 et
1464 4007 1528 4073 Ad

324 4124 491 4190 ‹loinimmr
527 4145 601 4187 cum
632 4120 823 4185 tribularer
853 4119 1002 4183 clamavi
1029 4114 1143 4182 donec·
1167 4112 1211 4180 nd
1241 4111 1415 4199 Reliquias
1448 4133 1523 4199 per·

324 4229 489 4297 venerint:
513 4233 591 4311 post
612 4224 744 4290 missurn
769 4223 938 4289 incensum
962 4222 1005 4289 de
1027 4223 1100 4306 ipso
1115 4229 1231 4287 sancto
1246 4218 1381 4286 dicatur
1394 4220 1521 4288 oratio:

324 4334 443 4402 deinde
474 4332 516 4399 de
546 4332 619 4416 ipso
649 4338 765 4398 sancto
796 4337 930 4395 cantum
955 4327 1129 4395 Armarius
1159 4327 1314 4412 incipiat,
1345 4333 1380 4393 et
1410 4325 1458 4393 cic
1486 4325 1523 4392 in

324 4438 564 4507 Monasterium
588 4444 738 4525 pergant.

463 4565 538 4574 ..0-—0

415 4635 435 4702 ¹)
455 4635 489 4692 ln
506 4640 602 4690 textu:
621 4627 779 4704 „raude

412 4720 436 4790 ¹)
455 4723 572 4780 Resurr-
