3792 5375
840 537 1020 594 „11-

432 716 488 784 iol.
513 723 547 781 5‘
575 717 627 783 De
661 716 769 782 alticio
804 716 946 783 cantoris
977 723 1011 783 et
1040 715 1182 784 lectoris.
1236 716 1359 785 Iactor
1394 718 1526 802 dicitur,

343 826 421 909 «piria
444 824 583 890 lectione
611 823 763 906 iungitur.
810 822 925 889 Lectio
955 822 1075 889 dieitur
1103 825 1181 909 qnia
1209 847 1275 891 nou
1305 834 1461 893 cantatur
1490 834 1529 894 ut

342 931 487 1016 psalnurs
513 930 560 996 rel
583 930 732 1016 liranum,
757 929 814 995 sed
830 931 948 1013 legitur
964 939 1102 997 tautum.
1136 931 1210 998 lllic
1231 934 1315 999 euim
1333 933 1526 1018 modulatio,

342 1039 394 1104 bic
418 1038 489 1104 sola
512 1038 733 1123 pronuntiatio
757 1038 936 1121 qrraeritur.
983 1035 1108 1103 Cantor
1132 1037 1235 1104 multa
1265 1038 1374 1105 officia
1406 1039 1527 1125 babet,

342 1146 459 1231 explic.
485 1145 563 1213 ibid.
587 1145 635 1209 ita
658 1144 752 1228 uulgo
776 1144 906 1209 suavior
928 1152 1046 1209 cantus
1069 1143 1221 1214 lectione.

432 1252 488 1321 sol.
507 1259 540 1318 δ’
561 1250 645 1329 Quid
668 1252 710 1317 ait
733 1252 817 1316 iuter
833 1250 1089 1336 Raponsouum
1113 1260 1145 1317 et
1161 1251 1331 1321 ‘l'ractum
1363 1254 1441 1321 Hoc
1464 1254 1526 1321 dit·

342 1360 447 1426 sertin
470 1361 556 1425 inter
578 1359 831 1445 responsorium,
862 1359 914 1423 cui
937 1357 1056 1423 chorus
1078 1358 1277 1444 remandent
1308 1367 1342 1427 ct
1372 1367 1527 1447 tractum,

341 1468 391 1533 cui
417 1489 530 1549 neruo,
553 1465 666 1550 explic.
685 1464 739 1531 sol.
757 1471 792 1529 δ’
807 1465 861 1550 qui
886 1465 1047 1531 seruiuaut
1064 1467 1095 1530 iu
1112 1465 1256 1531 laurinus
1272 1467 1306 1532 in
1322 1468 1526 1538 exrdtatioue

342 1582 476 1642 metent.

431 1681 487 1747 sol.
505 1686 541 1746 ὃ*
570 1680 620 1746 De
644 1679 784 1765 alleluja,
808 1678 953 1765 alleluja.
1001 1679 1148 1764 Alleluja
1175 1680 1263 1767 qum
1288 1691 1443 1749 cantatur
1466 1705 1527 1770 per

342 1788 444 1855 festos·
468 1787 558 1872 dies,
580 1786 711 1870 ibidem,

431 1895 520 1981 Quid
545 1900 596 1959 est
619 1894 703 1960 iuter
725 1893 861 1977 alleluja
884 1901 915 1958 et
940 1899 1060 1961 tractu.
1107 1891 1182 1959 Hoc
1211 1902 1261 1960 est
1285 1895 1371 1962 inter
1394 1896 1529 1984 alleluja

341 2013 372 2070 et
398 2009 551 2081 tractum,
576 1999 662 2086 quod
686 2000 821 2083 alleluja
843 1998 1003 2064 laetitiam
1028 1999 1093 2065 sire
1117 1999 1248 2065 landem
1274 2000 1414 2088 domino,
1440 2011 1527 2073 aaa

341 2122 394 2179 tus
417 2133 495 2176 reru
519 2107 697 2193 aliqnando
719 2106 981 2187 tribulationem,
1012 2107 1191 2191 aliquando
1221 2107 1381 2176 laetitiam
1412 2121 1527 2198 sanat,

339 2218 458 2304 explic.
482 2216 613 2298 ibidem,
638 2216 763 2298 tertinS,
786 2215 842 2301 qui
866 2214 929 2279 boe
952 2215 1055 2279 currit
1079 2215 1337 2284 resurreeuonie

430 2324 487 2390 iol.
504 2330 539 2390 5v
566 2321 619 2388 De
650 2322 869 2406 expoliatione
902 2319 1098 2391 caudarum.
1153 2320 1299 2388 llinistn‘
1329 2323 1460 2391 casulae
1490 2346 1527 2393 ae

339 2441 473 2512 exuant,
496 2431 629 2517 quando
651 2429 789 2496 lectores
813 2430 881 2496 sive
903 2436 1055 2495 cauteres
1078 2427 1220 2495 osticium
1251 2440 1441 2517 aasumuut3
1470 2455 1526 2501 ex·

338 2539 433 2625 plicit
462 2538 597 2619 ibidem,
632 2538 665 2604 in
696 2536 947 2603 necessitatibus
977 2534 1231 2621 tenrperalibuS,
1267 2544 1303 2604 ut
1333 2536 1527 2625 aplunbua

338 2646 446 2734 pressit
468 2646 599 2715 imitari.

429 2754 485 2821 iol.
502 2760 539 2820 5'
564 2753 617 2820 De
641 2752 772 2819 tabulis.
818 2750 976 2831 Tabulas,
1008 2773 1091 2837 quas
1114 2759 1231 2819 cautor
1252 2753 1288 2820 iu
1311 2762 1527 2825 manutenet

338 2863 446 2930 solent
471 2860 540 2929 fieri
564 2860 606 2928 de
629 2860 774 2945 ossibus,
796 2859 914 2945 explic.

428 2969 485 3039 tol.
502 2974 537 3036 6*
560 2967 618 3035 sed
643 2967 714 3034 sola
737 2967 936 3053 cogitatione
958 2987 1052 3033 meus
1074 2966 1174 3033 menti
1199 2967 1406 3054 monstrabit,
1436 2970 1525 3057 quod

337 3077 584 3145 mmmm

426 3182 482 3251 iol.
500 3190 535 3249 6ῐ
567 3182 620 3250 De
654 3203 791 3249 ascensu
828 3182 862 3247 in
896 3180 1068 3266 pulpitum.
1115 3179 1238 3248 Lector
1272 3191 1306 3250 et
1339 3190 1458 3253 cautor
1490 3186 1525 3253 in

334 3294 474 3377 graelum
487 3291 669 3358 ascendunt
685 3312 775 3356 more
791 3289 1011 3374 antiquonrm,
1036 3288 1128 3353 stetit
1144 3296 1254 3355 autem
1270 3288 1398 3358 Esdras
1414 3291 1526 3360 senba

336 3401 613 3487 supermodum,
643 3398 758 3483 explic.
783 3395 915 3475 ibidem,
939 3416 990 3475 ca,
1021 3415 1106 3480 «pirae
1136 3395 1206 3480 ipse
1230 3418 1296 3463 non
1326 3397 1420 3483 tecit,
1451 3400 1526 3467 aliia

335 3509 488 3575 iaciendo
510 3526 704 3595 propmuere.

427 3615 482 3684 tol.
501 3621 537 3680 6'
564 3614 617 3681 De
639 3612 768 3680 diaconi
792 3633 930 3677 ascensu
956 3610 989 3675 iu
1013 3606 1169 3675 tribuual.
1204 3608 1365 3678 'l'rilnmal
1388 3620 1526 3682 vocatur

334 3724 501 3810 ciprianus
524 3720 673 3805 gradmn,
698 3741 796 3805 snper
812 3739 909 3804 quem
924 3716 1072 3783 :aceedit
1089 3716 1266 3801 diaeonus,
1289 3717 1404 3803 explic.
1422 3719 1476 3789 sol
1491 3727 1525 3787 7‘

335 3832 388 3897 ubi
412 3829 559 3897 irradituri
583 3837 668 3908 sarrit,
693 3826 800 3893 venite
817 3823 982 3892 benedicti
997 3824 1103 3909 patris
1119 3823 1181 3889 mci
1198 3825 1356 3909 percipite
1375 3848 1522 3912 regnum

423 3937 481 4006 iol.
499 3943 532 4003 7*
557 3936 611 4002 Dc
635 3934 813 4013 offertorio,
837 3931 925 4018 quod
950 3939 1096 3999 uocatur.
1144 3929 1264 3997 Finitis
1287 3931 1451 4017 prioribus
1473 3935 1523 4002 et·

333 4047 417 4115 ficiis
451 4045 601 4130 anularius
632 4041 834 4122 ureruaratis,
870 4060 958 4105 nrrne
988 4037 1190 4105 offertorium
1220 4037 1455 4125 introducitur,
1489 4041 1522 4109 iu

333 4177 397 4241 (prro
413 4152 622 4221 caelebratur
637 4149 760 4217 oblatio
777 4170 900 4228 eorum,
924 4146 979 4233 qrri
995 4145 1127 4211 ‹lonrino
1144 4152 1220 4211 reta
1236 4168 1295 4211 sna
1317 4146 1522 4235 personmn

332 4262 449 4350 explic.
474 4260 530 4328 iol.
548 4266 586 4323 8*
613 4257 809 4324 lucrabatur
832 4266 900 4322 tres
924 4252 1102 4319 versiculos
1132 4259 1230 4340 canet
1253 4275 1314 4338 pro
1338 4253 1521 4341 sacerdote,

331 4370 449 4438 Minu
473 4367 532 4435 tibi
556 4365 711 4433 auxilium
736 4364 778 4431 dc
802 4369 918 4430 nancto
941 4367 977 4426 et
1001 4359 1083 4426 diros
1107 4367 1292 4446 sequentes.

421 4477 478 4547 iol.
495 4482 533 4539 8'
558 4474 714 4560 Serpritnr
743 4470 891 4539 Secreta.
938 4466 1077 4535 Secreta
1107 4465 1181 4533 ideo
1211 4468 1413 4549 uoruinatur,
1443 4467 1522 4555 quia

330 4595 459 4655 secreto
483 4585 619 4668 dicitur,
650 4581 765 4668 explic.
789 4576 928 4661 ibidem,
951 4596 1017 4642 nou
1042 4579 1154 4661 potest
1178 4573 1248 4657 jam
1273 4573 1391 4640 mutari
1415 4594 1521 4661 neque

329 4696 362 4763 iu
388 4692 516 4778 melina,
541 4689 638 4778 nequi
661 4689 695 4757 in
718 4685 875 4756 deterius.
