3792 5375
710 484 934 547 ..03-

233 686 318 750 licre
345 682 558 748 constituite.
595 674 733 754 Yurnus‚
760 677 892 743 (aeteri
913 687 1052 745 tautum.
1087 671 1144 740 Ad
1167 675 1342 742 stationem
1360 697 1410 742 re·

230 787 447 874 sponsorium,
473 783 667 857 Jnauelraut
680 788 783 869 patri
805 788 884 871 rias.
930 780 1141 851 l'ersieulum
1163 789 1265 868 etque
1287 783 1409 849 oratio·

233 917 306 960 nenr
332 892 372 958 de
392 888 575 977 praerorme
605 890 686 974 ipso.
739 888 830 955 Ante
855 890 995 975 primaru
1018 887 1194 955 exhibeant
1211 888 1412 956 refectorarii

233 1000 394 1078 mantilia,
431 996 566 1085 squillas
599 1002 773 1080 argenteas
797 1002 830 1062 et
854 995 1006 1062 bancalia
1038 993 1083 1060 ad
1112 995 1226 1061 sedilia
1250 993 1413 1078 ornanda,

234 1106 400 1172 secretarii
425 1104 548 1170 faciant
571 1101 720 1167 similiter
743 1100 785 1166 de
808 1100 964 1187 capitulo.
1003 1099 1061 1168 Ad
1084 1101 1216 1169 missam
1238 1103 1414 1169 matutina·

233 1215 296 1280 feru
314 1211 468 1292 officium,
494 1215 612 1289 Jusfus
635 1223 671 1276 a!
680 1210 809 1294 palma.
841 1206 1055 1275 Solummotlo
1077 1210 1141 1275 ista
1157 1209 1263 1277 oratio
1274 1208 1414 1293 dicutur,

235 1324 381 1390 Corrrar'c
403 1340 600 1404 queaeramus
635 1320 834 1401 orrruspotens
867 1320 964 1398 deris,
995 1330 1033 1383 ut
1054 1317 1114 1404 qui
1141 1318 1232 1384 irati
1240 1305 1414 1404 johannis.

236 1429 351 1493 Lectio
375 1426 494 1503 esaiae,
519 1427 657 1491 Primus
680 1424 730 1487 ad
740 1446 819 1509 syon
834 1427 933 1490 diret:
958 1425 1044 1491 licre
1065 1423 1234 1494 adsumas
1267 1423 1415 1512 Respou·
1452 1457 1464 1479 ·
1490 1446 1676 1494 unarum.

235 1535 376 1615 surium,
414 1530 534 1604 Jasras
570 1542 609 1596 ut
637 1531 767 1616 palma.
827 1532 989 1618 Allelry'a.
1050 1533 1099 1597 Tu
1124 1544 1215 1617 puer
1240 1536 1415 1619 propheta.

236 1639 466 1724 Evangelium
500 1641 601 1706 lusit
621 1638 812 1704 Zacharias
841 1640 891 1705 ad
918 1640 1103 1725 Angelum,
1135 1657 1238 1725 usqne
1267 1640 1419 1724 Auferre

235 1750 446 1835 ‹drprubrirmr
480 1770 586 1813 aeterna
616 1748 703 1813 iuter
732 1747 926 1812 Ιιιυηὶκις.(”1
979 1743 1209 1828 Offerendam,
1241 1747 1362 1815 Gloria
1387 1758 1422 1812 et
1445 1768 1679 1818 asanaa-as

237 1862 367 1938 riarrorr.
408 1852 613 1934 Communia,
638 1853 770 1935 Magna
794 1864 844 1918 cst
859 1853 988 1938 gloria.
1024 1850 1081 1919 Ad
1103 1853 1262 1937 majorem
1284 1853 1417 1921 misaam

236 1962 346 2028 cuncti
364 1961 428 2026 siut
444 1959 553 2025 restiti
569 1957 683 2044 cappis
698 1958 798 2023 etiam
814 1957 927 2040 idiote,
942 1959 1038 2044 pueri
1053 1959 1115 2025 toti
1130 1960 1261 2025 tunicas
1273 1960 1420 2029 habant

236 2069 384 2146 indutas;
408 2065 548 2132 rusticium
573 2071 647 2131 octo
671 2071 817 2131 teneant.
855 2064 1114 2149 Responsurium
1141 2073 1209 2134 tres
1232 2065 1419 2136 decantent

240 2178 391 2262 Allelrp'a
414 2196 482 2251 sex,
507 2172 593 2239 cerei
609 2177 687 2236 ante
703 2170 810 2237 altare
827 2170 1017 2257 duodecim
1042 2179 1221 2240 retrorsum
1240 2183 1326 2241 octo.
1362 2174 1421 2242 Ad

239 2282 409 2369 sequentia
442 2279 615 2365 pulsentur
637 2275 702 2344 duo
726 2278 818 2362 signa
843 2280 969 2363 majora
994 2277 1101 2360 simul,
1129 2278 1267 2365 jubente
1289 2262 1420 2349 abbate.

166 2387 175 2401 '
237 2385 417 2458 Offereuda
442 2386 507 2454 cluo
531 2386 665 2453 faciant.
699 2384 740 2450 In
764 2385 937 2453 refectorio
960 2387 1124 2471 genuntiis
1139 2397 1240 2473 atque
1262 2389 1422 2476 pietantia

240 2498 369 2563 dentur.
406 2493 513 2560 Semel
538 2493 730 2579 propinetur
752 2494 854 2577 potio.
890 2491 947 2559 Ad
965 2515 1135 2580 respersus
1151 2493 1321 2563 duodecim
1337 2496 1423 2564 oerei
1533 2547 1539 2556 .

239 2612 318 2669 ante
342 2624 452 2683 aranu,
475 2599 638 2686 posterius
662 2606 753 2678 octo,
787 2599 987 2686 antiphonas
1010 2600 1096 2683 illus,
1119 2622 1203 2689 quas
1225 2624 1326 2690 super
1346 2624 1423 2672 noo

240 2724 356 2777 turnos
386 2710 607 2776 decantarunt
637 2714 670 2774 et
700 2707 846 2792 psalmos
874 2707 915 2775 de
939 2709 1035 2775 unius
1058 2710 1211 2796 martyris
1242 2721 1421 2780 assumant

240 2817 509 2904 Responsorium,
534 2819 643 2903 Reges
665 2818 831 2882 videbant.

332 2923 427 2991 Infra
450 2932 584 2991 octavas
606 2942 713 3006 genua
736 2941 803 2987 uon
825 2920 972 2991 flectant
1020 2922 1267 3008 Imitatur-inm,
1299 2928 1424 3013 Regem

236 3035 495 3120 praesenseris„
530 3031 570 3098 Iu
593 3030 700 3116 primo
730 3036 764 3093 et
787 3028 932 3096 secundo
959 3037 1121 3098 nocturno
1150 3030 1311 3117 singulam
1339 3034 1423 3100 auti·

242 3139 385 3227 phouanu
409 3120 588 3225 imponant.
634 3134 810 3202 Lectiones
833 3135 945 3220 legant
961 3134 1003 3203 de
1018 3137 1223 3205 sermonibus
1238 3147 1426 3207 smctomm

242 3256 385 3335 patrum.
443 3244 665 3331 Responsoria
696 3242 737 3308 cle
768 3243 914 3328 ejusdam
943 3242 1045 3312 beati.
1090 3242 1186 3312 Cerei
1215 3253 1293 3313 aute
1319 3246 1426 3316 alna
1464 3290 1469 3299 ·

241 3356 327 3421 sieut
350 3354 478 3421 feriatis
501 3349 616 3418 diebus
639 3349 760 3431 assint,
794 3349 912 3434 psalmi
936 3350 1115 3417 familiares
1145 3372 1207 3419 uec
1232 3361 1427 3439 promantur

243 3465 278 3528 in
301 3462 364 3528 hou
387 3457 561 3542 obsequio,
596 3454 655 3523 sed
678 3477 738 3522 uec
761 3455 847 3539 ullus
870 3457 954 3524 alius
976 3479 1038 3544 pro
1061 3457 1242 3543 defunctis,
1270 3459 1330 3528 aad
1350 3459 1426 3528 ilion

244 3576 379 3635 sonetur
402 3567 528 3650 signum
540 3564 564 3652 ][
577 3572 610 3631 et
626 3571 727 3648 agant
746 3565 927 3631 matutinas
941 3564 1057 3632 laudes
1073 3564 1134 3632 sub
1150 3588 1217 3633 uua
1231 3567 1426 3654 antiphona;
1524 3607 1539 3624 v

243 3673 451 3763 postmodum
474 3673 608 3738 veniant
630 3670 665 3737 in
688 3670 788 3736 aliurn
812 3670 959 3757 chorum,
989 3677 1125 3740 cautent
1147 3681 1337 3742 sauctorum
1358 3695 1426 3741 om·

244 3784 334 3848 nium
358 3779 536 3846 matutinas
559 3785 592 3845 et
615 3786 827 3844 mortuorunt.
861 3783 956 3846 Deus
976 3782 1118 3848 arcrilus
1139 3786 1262 3849 austris
1283 3788 1318 3848 et
1333 3781 1427 3868 quin·

242 3910 308 3975 que
332 3886 476 3973 psalmos
499 3908 561 3972 pro
584 3883 757 3954 defunctis.
805 3883 841 3951 Si
864 3885 947 3951 hora
970 3888 1131 3972 permittit
1145 3895 1223 3954 eant
1237 3886 1427 3957 infectrieis

245 3994 433 4060 dormitum.
494 3992 668 4060 Secretaffi
705 3991 897 4077 recolligent
927 4003 1122 4062 ornamenta
1151 3994 1319 4064 unccione
1368 3994 1428 4063 Ad

246 4101 385 4188 prinum
408 4100 572 4187 psalmus,
602 4101 767 4168 Miserere
790 4103 857 4167 ruri
877 4102 966 4185 deas,
992 4109 1117 4187 septem
1139 4101 1284 4188 psalmos
1305 4110 1340 4170 et
1360 4102 1428 4170 lae·

246 4208 371 4274 taniam
407 4207 524 4274 deinde
559 4209 659 4274 missa
693 4228 754 4293 pro
784 4205 957 4277 defunctis.
1003 4206 1046 4274 In
1081 4208 1224 4276 chustm
1251 4207 1430 4296 loquantur

245 4322 315 4382 tam
339 4321 417 4381 aute
440 4314 582 4394 tertiam,
605 4334 704 4401 quam
727 4322 803 4399 post
824 4335 957 4381 nonam.
1003 4314 1044 4380 Iu
1060 4312 1149 4382 lauris
1164 4314 1428 4403 dimittuutpeal·

246 4444 317 4487 mos
333 4420 522 4488 familiares.
558 4419 614 4488 aa
629 4422 764 4488 tertium
781 4428 915 4488 sonetur
931 4423 1071 4505 signum,
1095 4429 1191 4489 orent
1205 4423 1428 4501 communiter,

246 4528 454 4615 postmodum
470 4529 649 4596 induantur
663 4527 747 4595 uuis
758 4527 818 4611 illi,
835 4530 891 4613 qni
906 4530 1039 4595 missum
1060 4550 1157 4614 agere
1172 4527 1304 4614 debent,
1321 4527 1429 4596 denuo

246 4634 381 4720 pulsato
411 4637 504 4722 siguo
534 4643 635 4722 agant
663 4634 806 4704 tertium.
853 4633 983 4703 Exhinc
1012 4634 1168 4705 laetania.
1212 4634 1270 4702 uu
1297 4636 1429 4702 misam

1285 4739 1323 4798 ο.
