3792 5375
892 458 1116 521 ..34-

417 650 546 719 modum
583 650 654 721 reli.
708 649 788 716 Alia
824 658 932 715 autem
970 670 1029 734 per
1063 647 1193 734 singula
1231 645 1307 712 alba
1347 653 1598 733 superponatur.

416 756 624 825 Vestimenta
645 755 864 823 sacerdotalia
888 764 989 840 atque
1012 755 1144 821 levitica
1159 763 1193 820 et
1208 754 1352 820 omnium
1368 752 1599 819 administran-

417 865 496 931 tium
526 864 704 931 aecclesiae
734 863 803 930 lota
833 862 998 928 denturn
1028 861 1213 927 secretariis
1244 863 1345 927 etiam
1376 859 1419 926 ad
1446 859 1599 926 infantes.

416 972 448 1037 A
471 972 571 1037 tertia
594 978 749 1036 exeuntes
772 968 916 1035 infantes
940 967 1079 1033 induant
1103 990 1138 1034 sc
1163 989 1252 1035 more
1276 967 1372 1033 solito
1396 976 1429 1033 et
1446 965 1489 1033 ad
1513 965 1600 1052 psal·

416 1100 484 1144 mos
507 1077 665 1162 prostrati
688 1077 723 1142 in
747 1075 847 1141 choro
872 1075 1003 1140 veniant
1034 1084 1191 1140 callentes
1221 1095 1295 1139 cram
1323 1074 1473 1143 caeteris.
1519 1072 1600 1141 Cor·

416 1185 535 1265 tinam,
571 1203 655 1268 «puae
678 1190 728 1247 est
751 1180 996 1248 intercisorum
1020 1189 1121 1266 atque
1145 1181 1252 1246 altare
1276 1182 1318 1246 ud
1342 1179 1543 1247 offerendam
1566 1179 1601 1245 in

416 1290 518 1357 altum
543 1289 748 1375 aliquatenus
778 1287 971 1366 sustollant,
1011 1287 1053 1353 ad
1081 1288 1187 1353 trinas
1217 1288 1381 1354 orationes
1411 1295 1445 1353 et
1468 1286 1512 1353 ad
1535 1285 1601 1352 diei

415 1398 513 1465 horas
541 1396 698 1463 siruiliter.
745 1394 820 1461 Hoc
850 1402 970 1460 tamen.
993 1395 1149 1479 magister
1171 1394 1334 1460 infantum
1358 1393 1455 1460 debet
1478 1391 1601 1460 babere

416 1505 475 1571 sub
505 1523 567 1570 sua
596 1524 675 1569 eura
704 1501 903 1568 sustollendo
933 1502 967 1567 in
1001 1500 1104 1568 altum
1133 1509 1232 1587 atque
1257 1499 1461 1586 deponendo.
1508 1499 1602 1567 Intra

415 1613 517 1697 ipsam
553 1609 696 1676 infantes
731 1609 799 1674 siue
832 1607 985 1674 custodia
1019 1629 1185 1701 nunqumn
1219 1618 1384 1675 maneant.
1437 1605 1602 1674 Sacerdos

415 1718 457 1785 ad
492 1717 690 1786 offerendam
727 1723 822 1782 extra
856 1716 960 1800 ipsam
996 1736 1125 1800 semper
1159 1714 1309 1782 accedat.
1355 1715 1443 1782 Nam
1471 1713 1602 1801 qnando

416 1835 547 1894 sacmta
576 1826 609 1892 in
637 1824 701 1892 lmc
724 1825 776 1890 die
805 1824 914 1910 agitur
936 1847 998 1909 pro
1021 1823 1186 1892 defunctis
1208 1826 1319 1892 onmia
1343 1826 1438 1910 signa
1460 1845 1603 1892 comere·

416 1943 535 2020 pentur
557 1940 591 2000 et
613 1932 742 2018 plenum
765 1931 906 1997 officium
930 1932 1074 1997 alliciant
1096 1954 1158 2017 pro
1178 1930 1407 1999 defunctorum
1430 1939 1601 2018 parentum

416 2050 603 2108 nostrorum
634 2062 689 2106 seu
720 2038 917 2105 familiarum
948 2039 1073 2124 requie.
1120 2038 1327 2123 Pauperibus
1362 2037 1534 2106 duodecim
1569 2038 1603 2104 in

416 2150 489 2235 ipsa
522 2147 576 2214 dia
610 2145 787 2214 relectione
820 2151 1028 2232 praeparent.
1085 2144 1129 2211 In
1163 2145 1339 2214 refectorio
1374 2146 1495 2213 iratres
1528 2143 1603 2230 plus

415 2254 561 2322 babeant
582 2262 790 2340 praeparata,
813 2273 913 2338 quam
937 2252 1011 2318 aliis
1035 2250 1151 2320 diebus
1173 2252 1263 2320 soliti
1287 2261 1414 2335 essent,
1449 2261 1519 2320 tam
1541 2272 1603 2338 pro

416 2361 545 2428 illorum
564 2358 801 2443 detunctorum,
826 2380 965 2444 quorum
990 2357 1129 2425 officinm
1150 2362 1343 2447 exequimur
1358 2382 1480 2443 amore,
1504 2380 1603 2448 quam

417 2467 530 2535 diebus
552 2466 739 2552 sollempnis
762 2452 935 2533 destinatis
959 2466 1115 2551 praemiis
1138 2466 1251 2536 futuri.
1298 2468 1474 2536 Potionem
1504 2467 1604 2534 etiam

416 2573 540 2661 absque
563 2571 700 2658 squillae
723 2572 831 2638 sonitu
855 2572 1032 2657 propinent
1057 2574 1196 2643 cunctis.
1243 2573 1359 2641 Mense
1387 2574 1528 2642 lectores
1550 2596 1604 2643 co·

418 2681 579 2766 quineque
602 2677 827 2746 ebdomadarii
857 2701 876 2744 a
901 2678 1065 2765 prioribus
1096 2681 1169 2747 istis
1193 2682 1297 2749 sacris
1320 2681 1440 2750 diebus
1461 2682 1605 2770 recipro-

417 2773 532 2854 centur
553 2795 632 2853 tunc
655 2785 785 2853 demum
811 2786 961 2872 juniores
993 2797 1172 2873 peragant,
1211 2790 1291 2875 quia
1318 2792 1367 2857 ait
1395 2790 1606 2858 beatissimus

417 2900 663 2981 paternoster,
686 2901 722 2960 ut
745 2892 852 2960 nullus
883 2900 1058 2960 excusetur
1089 2917 1111 2961 a
1135 2897 1296 2982 coquinae
1320 2896 1472 2981 officio.¹)
1518 2896 1604 2965 Nam

418 3001 559 3087 denique
594 3006 767 3086 postquam
802 3021 823 3066 a
856 2999 1036 3066 resectione
1072 3002 1247 3070 senitores
1278 3002 1473 3078 advenerint
1510 3025 1605 3071 cunc·

418 3116 525 3174 torum
548 3108 641 3192 signa
663 3106 948 3174 haeramcntorum
973 3114 1008 3174 et
1030 3128 1071 3173 ex
1093 3108 1289 3178 dormitorio
1304 3111 1445 3178 exierint
1460 3109 1605 3178 conclas-

419 3224 532 3281 sentur
554 3205 651 3282 etita
674 3214 813 3282 officium
837 3221 1040 3280 mortuorum
1064 3215 1264 3284 caelebrent
1305 3217 1390 3284 Post
1405 3221 1500 3286 Deus
1515 3224 1607 3287 auri·

419 3326 478 3389 bus
490 3320 712 3402 decantatum,
730 3320 842 3387 dicant
857 3341 915 3386 sex
930 3319 1075 3406 psalmos
1090 3343 1151 3408 pro
1167 3323 1248 3407 ipsis
1264 3345 1368 3411 usque
1379 3325 1517 3412 triginta
1525 3326 1607 3394 dies.

420 3426 578 3495 Similiter
592 3426 678 3494 libra
693 3429 787 3514 panis
803 3435 902 3514 atque
914 3427 1045 3514 justitia
1058 3428 1123 3496 vini
1137 3427 1260 3498 dentur
1270 3430 1457 3520 hospitibus
1471 3453 1532 3520 per
1543 3433 1607 3500 sin·

418 3533 512 3620 gulos
534 3533 615 3603 dies.
660 3533 749 3601 Fieri
773 3556 916 3620 natuque
939 3534 1039 3602 debet
1054 3534 1151 3604 vno
1173 3537 1290 3605 diebus
1313 3540 1447 3624 plenum
1469 3539 1607 3608 officinm

419 3663 480 3728 pro
502 3642 639 3711 cunctis.
694 3644 774 3710 t'oce
796 3667 869 3709 mea
898 3663 960 3726 per
982 3643 1113 3728 singula
1135 3644 1220 3712 hora
1243 3653 1416 3733 promatur
1438 3669 1608 3735 quousque

268 3795 275 3807 .
310 3766 335 3806 n
420 3747 634 3815 concludatur
657 3747 727 3815 dies
750 3748 944 3818 tricesimus.
992 3747 1141 3817 Collecte
1164 3754 1326 3819 matutine
1344 3751 1377 3844 ][
1394 3755 1515 3821 missae
1538 3775 1606 3821 res·

419 3875 529 3939 perae,
554 3855 621 3921 sire
644 3853 782 3940 rigidae,
806 3855 891 3921 sieut
914 3855 1032 3923 solitae
1055 3865 1134 3923 sunt
1149 3857 1288 3927 dicende
1303 3860 1351 3927 sic
1366 3860 1607 3947 persolvantur.

421 3959 523 4045 Signa
544 3960 677 4046 pulsare
704 3961 932 4029 tantummodo
962 3964 1068 4048 prima
1093 3964 1146 4032 die
1169 3965 1269 4033 debet
1295 3974 1365 4034 mm
1387 3965 1432 4034 ad
1455 3967 1609 4055 uigiliam,

422 4087 520 4151 quam
543 4067 586 4134 ad
610 4068 752 4136 missam.
799 4067 879 4135 Alia
902 4091 996 4154 sero,
1031 4093 1117 4158 qnae
1147 4071 1189 4139 de
1218 4072 1284 4139 hac
1313 4094 1349 4140 re
1373 4081 1518 4157 restant,
1553 4078 1610 4162 qui

422 4171 540 4239 sciolus
570 4173 640 4240 rult
669 4174 738 4241 sore
768 4174 821 4240 die
845 4177 943 4243 tertia
968 4185 1125 4264 properet
1147 4187 1224 4264 post
1253 4187 1444 4250 sanctornm
1467 4183 1609 4250 omnium

423 4278 696 4347 caelebrationem
726 4288 759 4347 et
789 4282 945 4369 quicquid
975 4285 1142 4370 repeperit
1171 4284 1236 4368 ibi,
1276 4286 1389 4354 taliter
1416 4297 1612 4375 procuretur

423 4384 560 4455 efficere.
599 4385 656 4452 Ad
680 4408 828 4474 eaquae
850 4392 1081 4476 proposuimus
1104 4400 1319 4463 revertamur.
1355 4393 1415 4462 Ad
1430 4395 1611 4483 capitulum

424 4537 638 4552 un*

516 4615 540 4683 ¹)
558 4616 627 4688 Reg.
645 4632 670 4673 a.
688 4616 802 4674 XXXV.
856 4688 858 4692 ,
