3792 5375
742 440 965 501 ..79-

261 653 389 699 sacram
415 653 453 696 ex
476 632 557 717 ipsa,
580 628 795 716 adjungentes
818 630 1001 715 collectam,
1026 636 1117 701 Dens
1137 638 1197 721 qui
1209 636 1371 703 hodierno
1385 639 1449 705 die.

262 740 297 806 Si
323 746 457 803 sanctus
481 736 623 823 Spiritus
646 738 857 824 perventus¹)
879 761 944 807 uon
969 738 1084 820 suerit,
1116 739 1160 806 ad
1190 762 1321 809 sacram
1344 743 1449 828 ipsam

262 845 434 912 collectam
466 867 564 911 rueram
594 844 780 930 persolvant
812 868 885 912 caui
917 845 1155 933 praephatione
1185 846 1249 915 diei
1273 847 1449 934 paschalis.

264 952 435 1019 Processio
459 952 494 1016 tit
518 952 601 1016 sicut
625 951 812 1036 praeteritis
836 951 953 1019 ‹liebrrs
977 952 1166 1034 dominicis,
1197 962 1346 1022 attamen
1375 978 1449 1022 cum

262 1058 409 1125 uenerint
439 1059 472 1124 in
503 1057 670 1124 redeundo
701 1059 732 1123 in
764 1059 851 1125 atrio
881 1067 959 1124 ante
990 1058 1077 1126 iores
1106 1061 1287 1129 aecclesiae
1319 1063 1450 1130 initient

262 1169 346 1232 ham
372 1165 596 1251 antiphonam,
623 1167 811 1251 crucifixus
834 1169 869 1232 in
889 1189 1000 1235 corne.
1039 1165 1123 1232 Cum
1140 1165 1342 1254 arrnprhoaae
1357 1191 1450 1255 repe·

262 1274 449 1352 titionibus,
481 1275 589 1339 ⁴i'olitc
612 1280 797 1351 iria-(more).
844 1271 1056 1339 lutroenntes
1080 1281 1202 1340 corrant
1224 1275 1450 1362 antiphonam,

263 1384 372 1449 Hodie
394 1383 542 1465 coinphri
561 1391 647 1447 stetit.
687 1376 741 1445 At
767 1380 899 1445 missam
923 1400 1036 1446 onmes
1060 1380 1305 1449 circumdentur
1319 1384 1450 1470 cappis.

262 1488 397 1575 Septem
421 1485 620 1552 candelabra
651 1492 727 1552 ante
758 1507 867 1568 aram,
900 1495 932 1553 et
963 1488 1027 1552 tria
1058 1496 1232 1559 retrosum.
1282 1487 1449 1572 Officium,

262 1599 412 1682 Spiritus
435 1597 560 1660 ‹loinini
580 1597 721 1679 replumi!
742 1597 863 1661 orbcm.
911 1591 1070 1677 Oremus,
1096 1598 1186 1663 Deris
1208 1600 1270 1686 qni
1289 1598 1472 1678 hotbertusx

262 1726 329 1769 cor.
382 1698 550 1787 Epistola,
596 1702 674 1768 i'idi
700 1703 841 1767 hostium
870 1714 1023 1787 opertam
1046 1707 1082 1770 in
1105 1703 1240 1771 coelo.(⁸³
1287 1705 1448 1794 Allelnja.

262 1812 337 1877 Non
372 1832 430 1875 cios
465 1811 662 1894 relinquam.
724 1806 810 1873 Item
846 1809 1016 1897 Allelujo,
1060 1811 1252 1877 Ascenderes
1293 1812 1448 1880 chrestus.

262 1915 490 2001 Evangetium,
515 1916 602 1981 Erat
623 1917 717 1982 horim
732 1937 774 1981 ex
783 1916 1000 2000 poariseisst’
1040 1913 1264 1998 offerendum,
1282 1919 1450 2007 Confirnm

261 2028 322 2091 hoc
346 2026 449 2090 lmus.
496 2019 711 2102 Communia,
742 2023 865 2089 Facias
886 2036 937 2089 rs!
959 2036 1099 2108 reperire.
1147 2022 1205 2089 Ad
1227 2024 1448 2111 expletionem

261 2152 377 2198 sacrae
402 2128 511 2195 omnia
534 2128 626 2212 sigua
649 2127 831 2212 pulsentur.
869 2128 926 2195 Ad
951 2150 1122 2215 vesperam
1146 2128 1338 2216 antiphona,
1360 2136 1449 2202 Alle-

262 2242 345 2327 lnjo.
392 2239 521 2323 Repleti
541 2247 619 2302 sient
640 2257 767 2307 oreoma-
804 2234 968 2320 psalmos,
1000 2239 1101 2305 Dixit
1122 2239 1298 2305 Dominus.
1344 2239 1449 2327 Confi·

260 2349 361 2414 rebor.
409 2347 532 2410 Beatos
555 2346 620 2412 oir.
667 2343 819 2408 loridoie
833 2347 939 2428 poetri
960 2345 1139 2411 dorninmn.
1176 2341 1236 2410 Ad
1258 2344 1449 2431 magnificat

261 2452 455 2537 antiphona,
480 2453 586 2517 Hodie
609 2450 760 2535 conmitti
779 2462 857 2515 sarit
878 2453 949 2515 dies
964 2463 1176 2536 pentecostes,
1200 2454 1351 2541 alleluja.

351 2556 541 2626 Lxxt'n.
565 2555 737 2622 Domimca
759 2555 903 2621 secunda
926 2563 1004 2641 post
1025 2564 1252 2643 pentecosten.
1305 2559 1347 2626 In
1374 2558 1449 2647 ipsa

261 2663 468 2735 hebdomada
499 2662 623 2731 seriatis
653 2660 768 2729 diebus
797 2669 930 2739 cantent
963 2661 1125 2747 osticium,
1154 2666 1298 2748 Domine
1325 2671 1361 2735 in
1389 2680 1449 2736 tna

261 2775 504 2842 misericordia.
550 2770 709 2849 Collecta,
734 2773 826 2836 Dens
850 2773 884 2837 in
907 2774 1177 2857 respirantium.
1219 2772 1448 2859 Evangeiium,

262 2886 369 2949 Homo
392 2881 527 2966 quidam
550 2892 625 2945 erat
647 2881 749 2947 dim.
772 2876 889 2943 exhinc
913 2899 1056 2963 namque
1078 2900 1184 2965 usque
1206 2878 1251 2945 acl
1277 2878 1352 2947 idus
1374 2902 1448 2968 sep·

259 2988 396 3055 tembris
426 2993 543 3073 quarta
574 2985 641 3051 sire
664 2991 759 3051 sexta
785 2982 864 3050 seria
887 2984 1041 3069 jejunare
1065 2984 1203 3065 debent,
1236 2987 1324 3055 sicut
1343 2985 1449 3055 Pater

260 3103 371 3162 noster
397 3092 587 3160 benedictus
610 3092 753 3157 instituit
776 3111 856 3156 suae
879 3090 1053 3177 regulae.¹)
1098 3091 1144 3159 Et
1175 3090 1218 3159 ab
1244 3092 1367 3162 abbate
1389 3094 1448 3162 illa
1481 3138 1484 3141 -

260 3203 414 3269 discretio
439 3200 508 3266 tieri
532 3199 640 3280 debet,
666 3220 764 3284 sparsim
788 3197 859 3282 ipse
875 3197 1084 3265 beatissimus
1099 3207 1297 3287 praeceptor
1311 3201 1337 3289 ][
1349 3201 1447 3287 jussit

260 3318 396 3397 propter
418 3307 653 3394 pusillanimes,
678 3304 727 3370 rel
750 3325 863 3370 aetnam
880 3305 1080 3391 temperiem,
1104 3307 1162 3372 aut
1181 3307 1209 3373 si
1232 3306 1329 3375 labor
1343 3309 1448 3394 major

260 3420 368 3485 iactus
393 3416 492 3483 fauerit
512 3415 575 3480 loci
598 3412 728 3499 illius.²)
775 3409 812 3477 Si
842 3419 952 3477 autern
981 3410 1095 3478 abbati
1125 3412 1176 3479 rel
1205 3415 1308 3500 priori
1343 3416 1446 3483 risum

260 3527 368 3606 suerit,
393 3532 439 3605 ut,
464 3522 514 3588 bis
531 3518 728 3602 reficiantur,
752 3518 815 3585 hoc
831 3518 928 3585 modo
944 3526 1055 3603 agant.
1094 3518 1176 3586 Mox
1193 3528 1231 3587 ut
1246 3523 1448 3590 surrexerint

259 3633 300 3701 de
330 3630 493 3718 capitulo,
529 3634 563 3692 et
593 3627 626 3691 iu
659 3626 803 3693 churstro
834 3626 1000 3709 venerint,
1034 3625 1171 3711 jubente
1201 3626 1323 3696 abbate
1352 3641 1447 3698 sonet

259 3738 456 3807 secretarius
480 3734 605 3817 signnm
629 3733 798 3816 minorem,
824 3739 859 3798 ut
883 3730 1310 3819 ebdomadariicoquiuae,
1333 3736 1446 3805 etalii

259 3847 378 3913 iratres
402 3847 602 3929 praeparent
625 3841 753 3920 omnia,
787 3862 873 3924 spirae
903 3839 1134 3925 praeparanda
1158 3850 1252 3921 snut,
1282 3850 1316 3909 et
1345 3855 1445 3930 agant

259 3954 392 4020 missam
423 3948 467 4015 ad
490 3947 639 4028 tertiam,
671 3954 705 4013 et
735 3945 884 4012 reticiant
909 3944 1116 4017 :adsertam
1163 3946 1199 4015 Si
1223 3954 1300 4015 reru
1316 3949 1446 4036 jejuna·

258 4059 374 4139 serint,
397 4063 475 4144 post
497 4064 622 4122 sextruu
648 4053 796 4140 protinus
821 4060 858 4118 ut
878 4053 1082 4119 surrexerint
1097 4054 1289 4137 meridiana,
1313 4057 1446 4124 veniant

258 4165 351 4252 puen’
375 4168 452 4229 ante
476 4162 583 4228 altine
599 4161 782 4228 orationem
799 4158 919 4228 iacere.
955 4158 1031 4245 Quis
1049 4158 1149 4242 tracta,
1172 4161 1343 4248 imponant
1359 4161 1445 4230 hauc

258 4271 484 4357 autiphonam,
508 4273 649 4354 lixargc
672 4271 823 4334 Domine.
858 4263 952 4332 Tune
968 4264 1028 4333 fiat
1043 4267 1208 4352 processio
1223 4267 1445 4357 perordinem

258 4436 438 4445 -οο-..-...
447 4438 450 4441 .
459 4435 473 4443 .-

351 4521 373 4594 ¹)
393 4521 425 4577 Iu
444 4528 537 4576 textu:
555 4523 732 4590 praeventas.

347 4610 372 4671 't
391 4611 459 4682 Reg.
478 4610 505 4667 S.
523 4608 625 4666 Bench
644 4624 703 4678 cap.
715 4606 760 4663 n.

1497 1733 1514 1762 ·.
1537 1725 1616 1776 spot.
1628 1727 1677 1778 lt',
1691 1726 1714 1769 Ι.

1485 1937 1602 1981 Μαι.
1615 1941 1668 1992 ΙΙΙ,
1681 1946 1705 1985 t.
