3792 5375
762 515 1130 579 ·-1oo-

170 729 204 766 e>
228 723 255 765 Ρ.
270 725 297 766 ι.
320 724 390 774 xxx.
420 709 547 795 cogitis
561 709 660 777 mast>
689 707 914 794 Responsoria
930 707 1046 774 dunat
1062 705 1127 774 duo
1143 714 1287 773 cantent.
1318 706 1442 792 Primo,
1458 706 1603 774 secundo

171 796 391 908 :2¹:325
418 821 452 881 et
475 815 573 882 tertio
595 822 754 882 nocturno
778 814 933 882 sacerdos
957 813 1113 880 induatur
1135 835 1244 900 cappa
1266 833 1340 881 cum
1356 813 1443 899 alba,
1467 821 1502 882 et
1524 808 1602 881 dum

170 940 254 988 eum·
271 937 389 987 nonae).
418 922 549 988 tertiam
570 921 743 989 lectionem
773 922 992 1004 inchoaverit,
1022 921 1126 988 lector
1155 921 1226 1007 ipse
1256 922 1298 988 sit
1327 927 1545 1009 praeparatas
1566 922 1601 988 in

418 1027 610 1111 secretario,
641 1029 753 1095 mittat
781 1029 950 1094 incensum
979 1029 1013 1094 in
1044 1026 1224 1093 turibulum
1254 1035 1287 1093 et
1317 1036 1395 1095 tunc
1418 1029 1528 1095 veniat
1557 1027 1602 1095 ad

418 1134 522 1202 altare
546 1137 668 1220 majus,
698 1135 891 1203 aromatizet
920 1135 1027 1221 ipsum
1051 1133 1274 1219 solummodo,
1304 1134 1422 1204 deinde
1444 1136 1478 1201 in
1502 1135 1602 1203 choro

417 1241 535 1308 fratres
549 1265 609 1329 per
623 1243 781 1311 ordinem.
818 1241 876 1309 Ad
892 1241 1033 1309 Cantica
1056 1242 1284 1310 accenduntur
1307 1241 1491 1328 quindecim
1515 1242 1601 1309 cerei

416 1350 449 1414 in
472 1350 631 1434 ponticam
653 1357 687 1417 et
708 1371 823 1416 novem
847 1356 925 1416 ante
948 1348 1055 1415 altare
1083 1354 1116 1416 et
1146 1355 1236 1415 retro
1267 1355 1402 1434 septem.
1448 1349 1601 1434 Evange-

415 1455 492 1522 linm
531 1478 592 1524 nec
627 1456 903 1542 pronuntiabitur.
965 1455 1223 1542 Responsorium
1262 1454 1488 1522 duodecimum
1525 1462 1603 1542 post

419 1565 569 1630 Gloriam
587 1585 607 1630 a
622 1545 730 1650 capite
746 1562 973 1649 recapitulent.
1001 1561 1230 1648 Euangelium,
1242 1550 1380 1649 Rep'leta
1391 1577 1449 1632 est.
1472 1559 1601 1646 Oratio,

424 1671 616 1738 Veneranda
639 1675 731 1738 nobis
752 1675 891 1739 donuae.
924 1668 967 1736 ln
982 1668 1412 1755 laudibusresponsorium,
1436 1671 1601 1738 Exultata

415 1791 465 1842 est
491 1791 608 1845 sancto
638 1778 694 1845 dei
713 1781 878 1864 genitrix.
929 1776 1079 1858 Ynmns,
1113 1777 1143 1845 0
1165 1780 1323 1864 gloriosa
1352 1781 1496 1846 dorreina.
1543 1776 1602 1843 Ad

416 1884 591 1951 stationem
614 1885 866 1971 responsorium,
892 1886 988 1966 Quae
1009 1898 1058 1952 est
1080 1886 1156 1952 ista.
1203 1883 1299 1952 Tunc
1325 1884 1480 1952 sacerdos
1510 1883 1602 1951 dicat

415 2011 544 2057 versum
567 1999 666 2077 atque
689 1992 870 2059 orationem
894 2014 935 2059 ex
958 1990 1032 2077 ipsa
1054 1991 1178 2076 uirgine
1202 2013 1308 2060 sacra.
1354 1991 1397 2058 In
1419 1991 1510 2060 horis
1532 1998 1602 2058 tres

416 2097 553 2165 candele
583 2106 660 2166 ante
689 2099 795 2166 altare
826 2099 1078 2177 inluminentur;
1108 2100 1300 2185 priusquam
1329 2106 1465 2167 sonetur
1493 2099 1603 2186 prima

414 2213 581 2290 ponantur
602 2207 636 2273 in
660 2206 766 2274 altare
788 2207 895 2292 majus
918 2213 987 2273 tres
1010 2206 1129 2273 calices
1144 2205 1247 2285 aurei,
1271 2214 1305 2273 et
1319 2206 1385 2274 dno
1401 2205 1603 2274 candelabra

415 2334 519 2379 aurea
540 2313 574 2380 in
597 2312 711 2380 eodem
733 2313 806 2381 loco
829 2312 1055 2380 accendantur
1078 2320 1215 2399 totaque
1238 2311 1292 2379 die
1306 2312 1333 2402 ][
1348 2311 1499 2384 ardeant.
1544 2312 1602 2382 Iu·

416 2441 516 2506 snper
537 2426 571 2487 et
592 2421 625 2487 in
648 2421 722 2507 ipsa
751 2442 809 2488 ara
837 2426 975 2507 ponant,
1010 2419 1180 2487 brachium
1213 2419 1393 2487 beatissimi
1426 2420 1533 2488 mauri
1567 2427 1603 2488 et

416 2535 579 2613 sceptrum
603 2527 762 2617 aurem(l)
786 2548 859 2594 cam
883 2549 962 2595 raso
989 2527 1138 2594 similiter
1166 2547 1249 2593 auro
1278 2528 1312 2593 in
1340 2550 1406 2615 qno
1436 2536 1488 2595 est
1503 2580 1512 2598 .
1528 2576 1538 2598 .
1555 2527 1602 2616 .¹)

415 2655 554 2702 mennae
563 2634 591 2724 ¹)
606 2635 749 2722 virginis.
780 2633 887 2703 Missa
901 2634 1106 2702 matutinalis
1121 2634 1156 2701 in
1174 2633 1311 2702 basilica
1326 2642 1462 2702 sanctae
1477 2634 1603 2705 mariae

416 2740 547 2809 dicatur
569 2749 604 2810 et
624 2765 692 2810 una
716 2742 944 2810 tantummodo
969 2742 1107 2810 collecta
1133 2749 1316 2828 promatur.
1363 2741 1420 2809 Ad
1445 2746 1600 2828 Sanctus,

417 2853 560 2918 sanctas
583 2872 695 2918 omnes
719 2850 906 2919 inalbentur
930 2871 952 2916 a
966 2851 1101 2917 minimo
1115 2871 1222 2936 usque
1239 2849 1283 2917 ad
1297 2851 1483 2919 maximum
1515 2849 1600 2920 can

417 2966 534 3024 exacta
564 2957 677 3039 suerit,
707 2964 787 3025 tunc
814 2958 989 3044 pulsentur
1018 2958 1145 3043 signum
1175 2965 1210 3024 et
1238 2956 1384 3024 efficiant
1418 2957 1602 3026 orationem

416 3063 511 3131 simul
534 3073 568 3131 et
591 3073 669 3132 tnnc
692 3065 822 3132 demum
846 3070 964 3133 sonent
987 3064 1115 3151 signum
1138 3070 1173 3131 ot
1189 3070 1292 3149 agant
1306 3060 1447 3132 tertiam.
1479 3064 1600 3131 Arma·

417 3172 486 3238 rius
509 3180 609 3258 atque
632 3172 827 3239 secretarius
851 3178 1052 3259 praeparent
1073 3171 1374 3258 processionariis¹)
1396 3178 1600 3241 ornamenta

416 3277 544 3345 Deinde
568 3278 750 3366 procedant
772 3279 838 3346 duo
861 3301 901 3346 ex
925 3277 1101 3365 juvenibus
1124 3285 1183 3345 aut
1213 3276 1255 3346 de
1285 3276 1464 3346 infantibus
1494 3285 1530 3346 et
1551 3279 1600 3347 in·

417 3384 521 3452 eluant
550 3408 585 3453 se
614 3387 733 3453 tunicis
763 3385 807 3453 ad
837 3392 945 3453 textas
976 3384 1136 3470 evangelii
1165 3383 1400 3472 deportandos.
1445 3385 1493 3453 Et
1521 3392 1601 3452 tnnc

416 3493 577 3561 accedant
600 3493 712 3561 decem
735 3494 925 3562 conversio
955 3491 1075 3581 quibus
1102 3500 1261 3578 quattuor
1289 3492 1454 3580 accipiant
1480 3491 1601 3561 cando·

416 3594 519 3682 labra,
543 3599 609 3667 dno
630 3600 784 3685 turibula,
813 3622 899 3669 unus
921 3600 1113 3667 timiamatis
1135 3600 1307 3667 materiem
1330 3606 1364 3667 et
1385 3607 1453 3668 tres
1476 3620 1600 3669 crucae.

416 3707 469 3774 Ex
491 3707 568 3773 hinc
590 3709 693 3775 assint
711 3714 868 3793 quattuor
882 3709 1039 3788 seniores,
1062 3706 1119 3796 qui
1134 3729 1265 3775 sacrum
1281 3706 1428 3774 ordinem
1442 3705 1601 3791 habeant,

417 3815 537 3901 quique
552 3821 683 3901 portent
699 3815 855 3900 reliquias
871 3816 1014 3883 minores
1029 3821 1063 3883 et
1079 3815 1198 3901 alios')
1213 3821 1307 3881 extra
1322 3815 1403 3881 istos
1419 3813 1603 3901 procedant

417 3930 451 3988 et
472 3923 636 4008 accipiant
664 3921 811 3989 tabulam
837 3944 912 3990 curn
935 3923 1077 4010 imagine
1106 3922 1228 3990 domini
1258 3920 1362 3989 nostri
1388 3920 1464 4007 jesu
1485 3920 1602 3989 christi

417 4037 517 4114 atque
538 4030 641 4116 ipsius
662 4030 839 4115 genitricis.
886 4030 980 4098 Tunc
1010 4053 1030 4097 a
1056 4028 1296 4117 paraphonista
1318 4028 1497 4116 inponatur
1517 4027 1604 4097 haec

418 4134 608 4222 antiphona,
630 4139 708 4205 'soa
720 4141 865 4223 pulchra
882 4162 925 4204 cs.
949 4134 1079 4205 Deinde
1091 4136 1224 4204 veniant
1237 4136 1409 4204 ordinatae
1421 4135 1602 4204 oratorium

417 4252 552 4311 sanctae
574 4244 698 4310 muriae
721 4245 807 4311 sicat
828 4246 862 4311 in
884 4244 937 4311 his
960 4243 1176 4312 haelementis
1197 4243 1365 4330 praefixus
1387 4248 1538 4331 apparot.

418 4387 485 4437 Aqua
511 4386 608 4429 cracem
634 4386 770 4428 unaarum
792 4384 961 4429 Candelabrum
989 4386 1157 4430 Candelabrum
1185 4385 1296 4428 Sacerdos
1349 4383 1421 4438 βοη-
1464 4384 1589 4427 Mla·

431 4457 476 4498 Su
513 4456 651 4499 eraclam
666 4458 737 4501 cana
823 4457 921 4500 Tauron
1029 4457 1128 4500 Terta·
1209 4458 1256 4499 τι·
1344 4460 1405 4499 mn
1458 4453 1605 4510 ohaam)

431 4532 477 4569 eta.
501 4530 606 4570 tmen.
627 4528 773 4570 Turibulum.
801 4529 979 4571 Candelabrum.
998 4529 1176 4571 candelabrus.
1204 4529 1268 4571 bala.
1318 4526 1448 4580 saepem
1475 4525 1581 4568 Ροιιιι.

417 4618 562 4630 ..ια-ιη*
576 4621 631 4630 --ao

508 4688 532 4755 ¹)
548 4688 663 4746 uam
824 4684 960 4757 'talliae
978 4688 1094 4746 mm
