3792 5375
914 440 1140 502 ..40-

430 637 550 712 sitistis
563 634 708 721 florebit.
741 632 881 713 Ymnns,
906 635 983 699 Rex
1000 634 1161 717 gloriose.
1191 628 1368 696 Lectiones
1383 637 1458 697 octo
1481 629 1523 697 do
1547 631 1617 715 ejus

429 740 507 808 rita.
542 739 812 824 Responsorinm,
833 742 931 824 Euge
945 762 1042 805 screa
1058 741 1146 806 boia.
1181 736 1408 820 Euangelinm,
1423 741 1503 805 Sint
1514 737 1619 803 transii

144 852 184 891 ‘¹‘
205 849 275 888 ¹⁴¹<-
294 847 349 896 δ”·
364 848 400 931 ξ’·
428 847 535 912 austri
549 844 787 931 praecinctis)
818 842 948 911 Omelia
965 841 1158 928 ejusdemtl)
1189 841 1231 907 In
1251 842 1499 910 matutinalihus
1513 842 1617 908 laudi·

147 922 174 954 τ
201 921 237 960 ¹⁵
251 917 400 1030 :him
428 951 490 1018 bus
513 959 649 1017 maneat
678 950 833 1018 sacerdos
861 951 1010 1016 restitus.
1061 948 1209 1028 Ymnus,
1241 951 1308 1017 iste
1336 954 1512 1036 cattj'essor.
1561 949 1617 1015 Ad

429 1058 605 1125 stationem
621 1058 863 1144 responsorium
887 1066 922 1123 et
938 1058 1047 1124 stratio
1063 1056 1175 1142 ipsius.
1210 1054 1293 1122 Post
1308 1057 1485 1142 capitulum
1501 1066 1618 1123 exeant

428 1187 502 1231 cum
531 1166 675 1249 quinque
706 1164 841 1250 psalmis
864 1186 925 1250 pro
961 1162 1139 1245 destructis,
1168 1170 1202 1228 ot
1225 1168 1303 1229 tunc
1333 1163 1447 1230 dicant
1476 1162 1618 1231 XXX¹·

427 1271 575 1356 psalmos
606 1272 641 1336 in
672 1271 835 1337 aecclesia
864 1270 1002 1355 nrajore.
1049 1269 1219 1334 Exeuntes
1248 1277 1366 1335 uacent
1399 1269 1556 1337 lectiones
1585 1271 1618 1335 in

428 1377 582 1445 claustro.
630 1376 687 1443 Ad
712 1378 844 1443 rurissam
868 1367 1031 1460 osticium,
1062 1379 1103 1443 In
1126 1377 1232 1443 untedio
1254 1379 1440 1445 aecclesiae.
1490 1373 1618 1455 Oratio,

427 1487 521 1551 Deus
544 1488 606 1569 qui
626 1489 746 1553 atticus.
773 1466 947 1569 Epistola,
973 1484 1100 1570 Optavi
1120 1496 1152 1550 ct
1174 1483 1320 1550 detrusis>
1353 1482 1619 1570 Responsorium,

427 1587 575 1662 Juraait
603 1591 763 1657 dotianus.
810 1590 972 1673 Tractus,
1005 1593 1130 1657 Beatus
1158 1590 1224 1656 eir.
1277 1588 1510 1676 Euangelinm,
1542 1594 1622 1660 Sint

428 1699 535 1764 irritabi
547 1697 703 1764 rescita)
740 1695 965 1776 Otierendam,
990 1699 1123 1765 Veritas
1138 1719 1222 1764 sicea.
1234 1694 1259 1784 l[
1274 1693 1479 1782 Communio,
1496 1700 1620 1765 Beatus

428 1808 494 1871 vir.
543 1802 600 1868 Ad
631 1824 800 1889 uesperam
831 1802 1068 1890 antiphonam,
1100 1803 1244 1882 Juraait
1266 1803 1425 1870 decium
1478 1801 1619 1883 Ymnus,

429 1913 496 1978 Istc
519 1915 699 1997 cattj'essor.
744 1915 812 1979 Istc
834 1926 898 1994 est,
930 1916 992 1997 prii
1019 1925 1096 1979 atate
1122 1914 1229 1979 deuiis.
1274 1909 1413 1996 Preces,
1443 1912 1518 1997 Ego
1547 1911 1623 1977 dixi

429 2021 569 2086 doctriua.
608 2017 685 2101 Illa,
708 2039 796 2104 qnae
819 2025 960 2101 restant,
984 2040 1069 2103 (puae
1093 2017 1246 2084 huonon
1269 2016 1488 2084 adnotauinns
1510 2017 1620 2103 requi·

429 2131 545 2190 rentur
568 2125 601 2190 in
625 2132 815 2191 sanctornm
839 2123 934 2191 iestis
958 2125 992 2190 in
1016 2122 1270 2210 quadragesima
1292 2131 1326 2190 et
1346 2121 1620 2210 quemadmodum

349 2242 353 2248 “
429 2230 564 2297 inventa
586 2229 709 2297 luerint
732 2229 788 2316 ibi,
811 2232 859 2298 ita
881 2230 1139 2318 adimpleantur.

518 2335 560 2402 L.
599 2336 794 2404 Festivitatc
825 2345 941 2404 sancte
965 2336 1139 2404 Benedicti
1169 2335 1213 2403 ad
1236 2358 1407 2423 vesperum
1429 2335 1621 2424 capitulum,

430 2446 557 2511 Beatus
587 2447 661 2525 vir,
692 2446 753 2532 qui
779 2450 909 2533 suffert.
955 2442 1230 2530 Responsorinm,
1257 2447 1402 2513 Sanctus
1426 2445 1622 2511 Benedictus

430 2549 481 2617 vel
497 2553 666 2618 Densnon
681 2552 838 2637 aspicias.
866 2551 1005 2621 Versus.
1040 2553 1086 2617 Et
1096 2554 1306 2638 regrediente
1319 2554 1445 2620 anitiae.
1480 2548 1621 2634 Ymnus,

432 2658 564 2726 curete
585 2670 787 2727 saitctorum.
826 2657 1099 2744 Responson'um,
1124 2657 1260 2727 Obeati
1271 2661 1350 2742 vin’,
1375 2656 1493 2726 Oratio
1508 2656 1620 2743 ipsius

430 2761 633 2832 vitatorium
656 2763 723 2832 duo
746 2766 780 2831 in
803 2765 906 2831 athis:
935 2764 1165 2851 Coiejessorem
1188 2787 1312 2852 regem,
1338 2786 1464 2851 ymnus,
1493 2765 1624 2833 Christe

430 2885 632 2939 sauctorum.
670 2871 847 2938 Lectiones
863 2880 939 2938 octo
955 2871 998 2938 de
1013 2873 1083 2957 ejus
1099 2870 1215 2937 ritai‘)
1255 2870 1522 2957 Responsorium,
1546 2873 1626 2939 Fuit

313 3006 320 3018 ·
431 2980 488 3042 air
510 2982 588 3047 aia.
634 2976 869 3063 Euangelium,
906 2980 1010 3046 Dixit
1031 3002 1164 3062 sysarae,
1191 2976 1327 3045 homilia
1349 2999 1390 3044 ex
1420 2977 1536 3046 eadem
1558 2978 1623 3045 lec·

432 3084 554 3150 tionem
562 3084 613 3171 (t).
653 3083 693 3150 In
718 3083 869 3151 laudibus
892 3084 1109 3170 euangelium,
1134 3088 1238 3153 Dixit
1257 3085 1421 3169 syuion.(‘l
1462 3084 1623 3166 collecta,
1673 3163 1676 3168 ¹

433 3190 643 3277 Omnipotens
665 3193 884 3279 sempiternae
906 3195 999 3261 deus.
1045 3190 1188 3274 Ymnus,
1213 3191 1387 3276 utrumn),
1410 3192 1562 3277 posthinc
1580 3192 1624 3259 nd

431 3297 675 3382 processionem
710 3300 973 3384 responsorium,
1015 3300 1236 3368 Sanctissime
1274 3322 1332 3366 coir
1350 3321 1450 3366 issar.
1508 3296 1625 3366 Oratio

433 3403 580 3489 ejusdem
615 3404 715 3474 beati.
772 3404 831 3471 Ad
864 3405 999 3471 missam
1034 3404 1197 3487 officium,
1236 3405 1281 3473 Os
1304 3409 1405 3496 justi.
1461 3404 1624 3490 Epistola,

388 3553 395 3567 ·
434 3513 570 3589 Justam
594 3511 766 3596 deduxisti
788 3515 942 3580 decicimas
965 3527 1032 3598 per
1054 3516 1131 3580 scias
1154 3512 1313 3579 ri·ctas.(‘l
1357 3511 1625 3598 Responsorium,

435 3616 482 3683 Os
500 3620 602 3705 jtrsti.
655 3615 813 3699 Tractus,
847 3619 991 3686 Doctrina
1015 3620 1228 3706 praevttrt'sti
1260 3641 1342 3686 tuiti.
1399 3615 1626 3703 Evangelium,

294 3770 312 3782 ..
385 3740 405 3780 τ.
434 3725 538 3790 Dixit
557 3722 722 3810 syinon.‘¹l
768 3722 960 3806 Offerenda,
994 3727 1124 3793 Veritas
1147 3748 1230 3793 caea
1273 3723 1477 3806 Communio,
1502 3727 1627 3793 Beatus

432 3852 551 3897 servus
574 3834 641 3897 ille.
679 3829 721 3895 In
745 3821 873 3897 dinmis
895 3831 988 3898 horis
1009 3832 1098 3916 ymni
1122 3831 1163 3899 de
1188 3831 1281 3900 iestis
1305 3839 1338 3900 et
1361 3831 1404 3899 ah
1419 3829 1627 3898 inchoatione

434 3943 547 4002 sextae
570 3935 673 4003 horae
696 3958 799 4022 usque
823 3937 856 4003 in
880 3936 978 4003 finem
1003 3939 1105 4023 ipsius
1129 3937 1193 4005 diei
1220 3962 1280 4026 per
1303 3938 1463 4023 singulam
1493 3935 1628 4006 flectant

432 4041 534 4126 jenua
563 4063 666 4129 supra
696 4042 844 4110 tonnam.
899 4042 1048 4129 Capituli
1079 4052 1180 4129 atque
1209 4045 1375 4113 orationes
1405 4066 1465 4112 sex
1494 4044 1627 4131 inipso

436 4145 678 4215 sustentatione
702 4147 865 4220 dicantur.
899 4148 959 4215 Ad
983 4172 1152 4236 uesperam
1177 4150 1387 4237 antiphonae,
1415 4171 1500 4236 quae
1530 4171 1628 4238 super

436 4260 615 4321 nocturnos
656 4254 835 4339 hahentur,
877 4263 911 4323 et
953 4255 1107 4324 dicontur
1142 4257 1260 4344 psalmi
1299 4257 1340 4324 de
1375 4255 1626 4325 confessoribus.

528 4500 552 4569 t)
570 4501 686 4558 Ram

527 4587 550 4659 ¹)
570 4589 695 4659 Epistola
713 4590 825 4647 ‚lustum
843 4589 958 4648 deduxit
976 4591 1005 4649 ln
1023 4607 1129 4649 rasura.
