3792 5375
887 488 1112 550 ,14-

414 702 565 750 coronam
582 702 716 748 auream
739 686 774 747 et
796 678 1008 765 philacterias
1031 686 1176 759 cunetas,
1199 700 1284 765 quae
1300 685 1377 746 ante
1396 676 1501 743 altare
1517 679 1594 741 sunt

413 795 573 875 cooptato.
634 786 763 853 Deinde
793 792 969 872 postquam
1000 806 1035 852 se
1064 786 1214 852 exuerint
1242 786 1363 853 tollant
1390 790 1523 869 tapetoe
1553 801 1593 846 ex

413 893 567 963 formulis.
603 892 645 960 In
669 892 758 960 horis
780 899 849 959 tres
864 891 1003 959 candele
1027 892 1257 961 accendantur.
1296 891 1353 959 Ad
1369 886 1595 958 matutinalem

412 1001 559 1082 misaam,
589 999 735 1068 osticium
765 1003 859 1067 Puer
888 1013 995 1067 tratas.
1047 997 1181 1080 Oratio,
1213 1001 1357 1068 Concede
1385 1018 1593 1086 quaesumus.

412 1108 553 1193 Aliaque
570 1107 610 1174 do
626 1107 782 1193 paruulis.
814 1107 978 1193 Epistola,
995 1106 1211 1194 apparatae)
1238 1105 1465 1192 Evangelium,
1482 1106 1595 1170 Pasto

413 1238 466 1282 res
488 1214 753 1303 loquebantur&
790 1213 930 1298 Majoris
946 1221 1057 1280 autem
1080 1235 1195 1280 sacrae
1218 1213 1284 1280 sint
1306 1210 1351 1280 ad
1366 1209 1510 1280 osticium
1527 1230 1594 1277 eex.

413 1321 557 1388 Caudole
587 1320 701 1387 xssea
748 1320 980 1405 Evangelium,
1019 1324 1104 1389 Ecce
1132 1323 1271 1406 eumelus
1304 1316 1463 1386 donatote>
1492 1337 1596 1400 usque

413 1431 516 1495 troierit
536 1428 703 1495 consolari
724 1429 803 1515 quia
827 1451 889 1494 aaa
911 1439 996 1495 sara.
1035 1425 1078 1492 Iu
1094 1426 1277 1513 expletione
1300 1426 1370 1510 ipae
1386 1443 1501 1489 sacrae
1523 1420 1595 1508 pul·

412 1541 526 1601 seutur
560 1532 670 1600 omnia
699 1533 925 1600 haerameuta.
974 1532 1032 1599 Ad
1055 1554 1211 1620 vesparas
1241 1530 1440 1618 antiphona,
1471 1531 1600 1615 ΑημΙί

413 1665 532 1709 cortem.
584 1639 751 1724 Psalmns,
773 1642 878 1708 Dixit
899 1642 1060 1710 dorniuus.
1102 1639 1305 1726 AnIIphona²
1341 1641 1409 1707 Vox
1432 1639 1468 1704 in
1486 1659 1596 1704 rama.

413 1748 574 1831 Psalmuo,
598 1751 725 1815 Beatus
748 1751 814 1815 vir.
861 1745 1067 1833 Antilibano,
1091 1748 1161 1814 Sub
1183 1751 1299 1815 throno
1324 1747 1387 1814 dei.
1433 1742 1597 1827 Psalmuu,

414 1856 564 1923 Larcdate
585 1859 697 1941 pareri.
746 1852 958 1940 Antiphone,
984 1855 1173 1921 Carrtobaat
1191 1856 1308 1922 soracti.
1354 1850 1526 1934 Psolmue,
1556 1853 1598 1918 Ia

415 1962 637 2028 convertendo.
676 1960 778 2028 Dicto
794 1959 1027 2027 benedicamus
1051 1959 1185 2028 domiuo
1207 1965 1360 2045 repetant
1381 1954 1598 2045 antiphonam

414 2089 455 2134 ex
483 2066 607 2134 domini
636 2066 752 2137 natali.
809 2066 867 2133 Ad
900 2067 1078 2133 stationem
1113 2065 1306 2133 conveniant
1341 2064 1386 2135 od
1419 2063 1599 2132 oratorium

415 2181 548 2241 sanctae
563 2174 688 2240 mariae
712 2172 863 2241 cauendo
886 2173 1129 2258 responsorium
1153 2172 1194 2240 de
1209 2172 1281 2259 ipsa
1295 2172 1404 2240 beata
1446 2170 1482 2236 A
1497 2169 1600 2236 natali

416 2280 538 2348 domini
559 2302 663 2366 neque
686 2280 721 2347 iu
744 2291 895 2348 octauam
915 2279 1123 2366 epyphaniae
1138 2280 1359 2366 uuusquisque
1373 2299 1490 2366 ymnus
1505 2298 1599 2344 eauc-

415 2394 522 2454 torum
543 2386 631 2454 infra
652 2388 720 2454 iata
742 2385 937 2473 sollempnia
960 2388 1147 2453 uenientum
1171 2409 1244 2454 oum
1267 2409 1329 2454 sua
1351 2392 1481 2453 tautum
1495 2384 1601 2472 gloria

414 2495 616 2565 terminetur.

503 2600 646 2670 XVIII.
685 2599 774 2689 Quid
804 2601 858 2686 agi
887 2600 1024 2683 debeat,
1055 2597 1185 2669 ei'dieu
1213 2599 1395 2669 dominicus
1424 2599 1600 2666 incurrerit

416 2708 500 2776 infru
522 2710 587 2775 ista
609 2707 813 2795 sollempnia.

505 2813 542 2882 Si
564 2816 690 2883 venerit
712 2814 783 2882 dies
807 2814 989 2882 dominicus
1018 2837 1079 2903 per
1104 2816 1211 2902 ipsam
1233 2814 1497 2884 celebrationem.
1542 2813 1601 2882 Ad

416 2922 638 2990 imitatorium
661 2923 845 2989 vestiantur
867 2921 935 2988 duo
958 2921 1079 2989 iratres
1102 2924 1136 2989 iu
1158 2922 1244 2990 albis
1265 2921 1356 2989 dieat
1377 2919 1601 3008 autiphonam,

419 3031 572 3097 Christus
593 3042 692 3096 natas
713 3043 764 3097 est
783 3034 875 3096 trabis
899 3032 931 3093 iu
957 3028 1072 3096 eodem
1094 3036 1175 3097 tono
1197 3029 1293 3097 aienti
1316 3028 1369 3096 die
1392 3027 1514 3095 natalis
1531 3027 1602 3114 ejus

417 3134 488 3203 suit.
534 3134 647 3202 Primo
677 3142 837 3203 nocturno
868 3135 1066 3221 :uaipluonm
1097 3139 1138 3204 In
1153 3140 1321 3225 principio
1348 3135 1401 3203 vel
1422 3137 1513 3203 aaa
1536 3137 1601 3203 Do

418 3247 514 3311 raim.
545 3240 724 3309 Lectiones
742 3240 855 3327 legant
871 3243 911 3309 de
936 3242 1087 3329 apostolo
1110 3243 1145 3310 iu
1169 3265 1218 3324 ea,
1241 3264 1326 3329 quae
1342 3244 1450 3330 prima
1465 3240 1603 3329 epistole

418 3347 461 3415 ad
484 3369 637 3416 romanoe
661 3348 849 3435 conscripta
871 3359 932 3416 ost.
971 3349 1239 3437 Responsorium
1263 3353 1415 3435 Angelus
1429 3351 1480 3416 ad
1492 3362 1602 3437 pasto

418 3477 483 3525 res.
518 3456 725 3538 Benedictus,
751 3458 917 3539 discitur,
944 3457 1111 3544 Oregcm
1136 3459 1222 3525 caeti
1240 3462 1276 3524 et
1297 3456 1380 3538 alia,
1407 3456 1505 3524 monti
1527 3477 1602 3523 oon·

419 3561 543 3649 scripta
564 3568 655 3647 sunt,
684 3561 809 3632 vulo
831 3562 885 3630 die
914 3564 949 3630 in
973 3563 1215 3649 antiphonario.
1260 3561 1413 3631 Secundo
1442 3570 1603 3632 nocturno

420 3669 616 3755 antiphona,
647 3669 770 3738 Genua
789 3683 960 3757 paerptro
991 3693 1115 3754 regem.
1169 3670 1226 3737 Ad
1255 3670 1385 3738 cantica
1410 3670 1603 3757 antiphona,

421 3777 524 3844 Facta
547 3789 598 3843 cst
618 3800 692 3844 cum
716 3779 847 3861 airardo.
886 3776 1115 3863 Evangelium
1139 3780 1231 3844 Erat
1240 3780 1369 3866 joseph.
1384 3777 1413 3866 ][
1432 3777 1475 3845 In
1497 3776 1603 3845 laudi·

419 3880 480 3947 bus
496 3881 687 3968 antiphona,
704 3886 859 3969 Angelus
874 3886 923 3950 od
936 3897 1102 3971 pastores.
1135 3885 1176 3951 Iu
1192 3884 1358 3970 evangelio
1380 3884 1602 3972 antiphonam,

420 3988 460 4054 do
483 3988 540 4057 illo
555 3987 652 4074 'quod
675 3990 851 4057 recitatum
874 3998 935 4072 est,
961 3989 1082 4060 dieunt
1130 3991 1259 4058 Deinde
1281 3988 1490 4077 postmodum
1512 4011 1605 4078 repe·

420 4102 495 4163 tant
516 4096 730 4183 autiphonam
754 4096 797 4164 de
821 4097 943 4165 domini
964 4098 1080 4165 natali.
1118 4097 1328 4166 Matutinalm
1350 4098 1451 4165 minua
1474 4098 1604 4165 eadem·

420 4223 483 4287 que
511 4201 552 4269 de
574 4204 647 4288 ipso
671 4203 814 4288 domiuo,
838 4206 955 4289 oratio,
980 4207 1124 4273 Concede
1147 4230 1360 4294 prraesamus,
1383 4204 1485 4287 aliae,
1512 4207 1606 4274 Deus

421 4311 480 4396 qai
500 4311 615 4378 beatae
637 4315 672 4377 et
694 4309 790 4392 aliae,
821 4331 905 4395 quae
935 4311 1245 4379 consuetudinariae
1267 4319 1344 4379 aaut
1365 4309 1503 4379 dicende
1524 4310 1606 4397 ipsis

421 4412 601 4486 dominicis.
640 4415 697 4483 Ad
716 4438 847 4483 sueram
870 4417 1029 4503 majorem
1051 4440 1136 4485 unus
1159 4420 1202 4485 sit
1224 4417 1268 4486 ad
1289 4417 1433 4486 orfidum
1455 4416 1491 4483 in
1506 4415 1606 4486 choro

422 4541 495 4589 cum
518 4543 642 4610 cappa,
675 4529 709 4590 et
732 4523 848 4590 unicus
869 4522 980 4590 infans
1003 4546 1078 4591 enm
1108 4525 1236 4607 tunica,
1266 4524 1322 4591 alii
1351 4544 1429 4591 vero
1457 4523 1492 4591 in
1520 4522 1607 4591 olbis

422 4634 586 4697 maneant
632 4627 800 4716 Quattuor
822 4630 943 4697 fratrea
965 4629 1086 4716 albati,
1114 4652 1252 4717 quorum
1273 4630 1340 4698 duo
1362 4630 1607 4718 responsorium
