3792 5375
456 625 646 693 venerabilis
677 634 772 712 pater
793 624 912 693 Oedilo
941 625 1029 692 velut
1051 625 1187 692 lucerna
1216 624 1351 691 radians
1374 623 1483 691 adhuc
1513 621 1627 709 fulget,

455 734 554 799 multa
573 732 615 798 de
635 733 763 799 illorum
785 732 1021 799 consuetudine
1044 733 1088 799 ad
1111 732 1286 799 utilitatem
1308 731 1449 798 fratrum
1471 729 1520 796 illi
1542 750 1628 796 com·

455 839 558 905 missis
585 847 620 905 et
650 839 683 905 iu
705 840 787 906 ovile
819 838 945 905 Christi
976 840 1160 925 aggregatis
1189 839 1381 924 imposuerit
1413 836 1455 904 ad
1489 836 1628 903 salutem

456 947 644 1012 animarum
691 947 742 1011 Ex
765 944 882 1031 quihus
911 968 994 1012 uuus
1025 945 1119 1012 ralde
1149 947 1328 1032 inspiratus
1358 951 1392 1012 et
1415 965 1573 1012 accensus
1596 942 1630 1008 in

455 1051 581 1120 fervore
619 1053 797 1119 monastico
835 1075 875 1119 ex
914 1052 1082 1138 discipulis
1121 1050 1230 1117 domni
1268 1049 1462 1133 Romualdi,
1501 1048 1630 1116 nomine

455 1157 640 1238 Johannes,
670 1182 743 1225 cum
774 1180 837 1224 uno
867 1181 927 1226 suo
940 1152 943 1165 '
958 1160 1046 1226 socio
1077 1159 1119 1225 ad
1150 1157 1323 1225 videndum
1356 1164 1391 1225 et
1425 1155 1631 1224 scribendum

455 1267 640 1352 properavit
663 1255 751 1352 apud
775 1266 912 1332 eundern
925 1264 1176 1333 cluniacensem
1199 1263 1408 1346 coenobium3
1432 1265 1533 1331 etita
1555 1282 1631 1328 exe·

456 1375 541 1439 ravit
561 1373 596 1438 in
615 1373 786 1458 paginulis,
809 1382 844 1439 ut
867 1373 981 1440 oculus
1004 1373 1096 1454 sidit,
1121 1375 1201 1439 etin
1218 1372 1386 1439 codicibus
1403 1371 1631 1456 affixitposte·

456 1481 565 1565 risque
589 1479 727 1563 legenda
759 1479 970 1549 contradidit.
1024 1480 1174 1547 Domnus
1208 1501 1285 1547 vero
1316 1479 1417 1565 Hugo
1447 1485 1544 1565 pater
1573 1496 1634 1562 per

456 1586 562 1653 omnia
577 1586 723 1653 imitator
735 1587 863 1653 illorum
879 1585 1027 1667 effectus,
1044 1586 1127 1653 haec
1143 1595 1175 1653 ct
1198 1586 1302 1653 multa
1318 1586 1385 1653 aha
1407 1587 1442 1652 in
1465 1605 1525 1652 suo
1549 1582 1632 1649 anti·

457 1714 522 1778 quo
544 1692 699 1760 coenobio
721 1692 862 1772 advexit,
885 1700 923 1759 ut
947 1692 990 1759 ab
1013 1694 1143 1759 illorum
1163 1716 1223 1761 mur
1246 1694 1280 1760 in
1303 1694 1392 1760 nullo
1419 1692 1633 1778 discreparet,

457 1801 592 1886 cupiens
605 1799 795 1886 adimplere,
816 1799 906 1886 qnod
921 1801 956 1866 in
972 1799 1113 1867 Actibus
1128 1800 1349 1885 apostolorum
1372 1801 1501 1886 legitur,
1519 1800 1633 1866 Mrdti·

457 1911 582 1975 tudinis
604 1909 802 1976 credentiam
825 1922 902 1976 crat
915 1932 974 1975 cur
994 1921 1028 1976 et
1048 1910 1162 1974 areima
1185 1933 1251 1976 una
1261 1906 1298 1995 ¹).
1329 1906 1437 1994 Quam
1461 1911 1633 1974 consuetu·

458 2014 566 2080 duem
594 2015 621 2080 si
643 2015 716 2100 quis
743 2014 971 2101 adimpleverit
998 2016 1031 2082 in
1060 2015 1228 2102 praesenti
1257 2014 1460 2081 exaltabitur
1490 2013 1578 2095 rita,
1601 2018 1636 2077 et

459 2128 533 2207 post
555 2121 642 2187 intra
656 2122 853 2207 perhennem
877 2120 1055 2188 laetabitur
1076 2143 1243 2209 pascuam.
1274 2122 1322 2187 Et
1335 2121 1462 2188 mavult
1482 2117 1636 2207 operibns

460 2250 557 2315 quarn
578 2227 676 2294 dictis
697 2228 880 2314 adimpleri.
916 2227 965 2295 Et
987 2228 1072 2295 sicut
1087 2230 1160 2316 quis
1172 2227 1258 2295 infra
1273 2228 1457 2311 napiculam
1472 2227 1506 2294 in
1528 2225 1636 2294 medic

461 2356 554 2402 amne
576 2333 720 2402 fluminis
732 2337 858 2421 positus
874 2337 1043 2421 superiora
1058 2334 1192 2421 aggredi
1207 2335 1352 2422 cupiens,
1375 2335 1438 2402 uisi
1460 2335 1540 2402 totis
1561 2334 1636 2401 riri·

461 2442 523 2509 bus
543 2443 730 2526 certaveris,
752 2443 818 2510 tito
840 2442 1016 2528 relabitur,
1039 2444 1089 2510 ita
1109 2441 1192 2510 bueo
1213 2442 1425 2527 cousuetudo,
1448 2442 1475 2508 si
1498 2440 1637 2508 carnali·

462 2548 524 2615 bus
538 2549 613 2634 quis
630 2550 805 2615 assenserit
819 2547 1001 2634 desideriis,
1023 2550 1059 2616 in
1075 2547 1268 2638 fasti][dium
1292 2548 1491 2636 aivertitnr3
1514 2548 1543 2616 si
1565 2547 1639 2634 quis

463 2677 535 2724 eam
571 2655 747 2724 imitaverit
780 2663 815 2724 et
847 2664 980 2724 secutus
1020 2656 1137 2742 fuerit,
1176 2658 1319 2725 caeleste
1354 2656 1403 2724 illi
1440 2655 1641 2726 revelabitur
1747 2730 1748 2734 ,

463 2764 652 2850 archanum,
673 2771 708 2830 et
730 2763 879 2830 amabilis
901 2763 978 2831 Deo
1000 2771 1035 2832 et
1057 2763 1162 2832 dulcis
1183 2766 1247 2833 erit
1272 2765 1467 2833 hominibus.
1503 2763 1539 2832 Si
1562 2785 1640 2832 vero

464 2891 635 2958 perversus
663 2868 795 2954 fregerit
824 2878 859 2938 et
887 2871 1098 2958 dereliquerit
1124 2893 1211 2955 eam,
1234 2872 1437 2958 relinquetur
1458 2893 1480 2938 a
1508 2871 1584 2938 Deo
1607 2877 1642 2937 et

464 2976 596 3046 odiosus
618 2977 680 3043 erit
703 2977 738 3043 iu
751 2977 873 3061 seculo,
896 2985 931 3046 et
952 2979 981 3045 si
999 2978 1194 3064 permultos
1209 2980 1349 3048 creverit
1363 3000 1477 3064 annos,
1492 2984 1640 3066 tempore

465 3105 530 3151 nno
542 3083 736 3166 destruetur,
758 3105 907 3170 unusque
921 3093 1098 3152 extraneus
1111 3092 1239 3153 centurn
1259 3107 1392 3154 suorum
1415 3091 1641 3173 persequetur,

466 3197 500 3258 et
522 3190 588 3258 duo
608 3189 769 3276 fugabunt
792 3190 906 3259 decern
928 3193 1031 3259 milia.
1075 3193 1123 3259 Et
1140 3214 1205 3260 uon
1228 3193 1333 3260 solnm
1360 3193 1422 3260 hoc
1444 3191 1640 3280 predictum,

467 3297 524 3365 sed
545 3303 579 3365 et
599 3305 727 3378 cuncta,
750 3319 836 3384 quae
858 3299 986 3385 priores
1007 3299 1112 3367 nostri
1135 3298 1221 3367 bona
1242 3306 1356 3367 tenere
1378 3307 1589 3382 sancxerunt,
1614 3301 1641 3367 si

467 3404 623 3472 derelicta
651 3404 790 3488 inerint,
817 3427 883 3473 nou
906 3406 1204 3493 prosperabuntur,
1231 3406 1348 3474 sedin
1373 3425 1485 3474 arcum
1508 3428 1642 3475 conver·

467 3519 580 3578 tuntur
600 3533 799 3599 perversum,
823 3514 996 3600 agentibus
1011 3514 1142 3596 sanctis,
1165 3536 1303 3600 quorum
1321 3514 1454 3582 nomina
1477 3514 1545 3583 sive
1567 3513 1642 3582 reli·

468 3619 563 3703 quiae
590 3618 643 3685 hic
667 3619 840 3689 habentur.
885 3620 1098 3688 Facicutibus
1127 3628 1162 3688 et
1194 3621 1478 3708 perseverantibus
1507 3642 1643 3708 regnum

468 3732 581 3812 patent
603 3727 851 3811 sempiternum!
896 3727 1045 3814 Explicit
1066 3728 1238 3814 prologus:

557 3833 607 3901 IL
631 3833 753 3919 incipit
773 3833 979 3919 praephatio.
1015 3833 1140 3902 Summi
1156 3836 1372 3904 moderatoris
1387 3842 1422 3903 et
1436 3836 1499 3924 piis
1515 3835 1645 3904 favente

469 3938 635 4022 religionis
654 3940 799 4025 insigniti
820 3939 943 4008 Christi
967 3943 1093 4009 timoris
1116 3941 1257 4011 efficatia
1281 3941 1359 4009 dnm
1377 3944 1464 4010 male
1487 3943 1570 4011 olita
1591 3965 1645 4012 us·

471 4066 664 4131 quequaqne
692 4045 820 4114 sentina
846 4069 1017 4133 emergens
1045 4046 1251 4132 efferbuerit,
1278 4051 1384 4118 nostri
1414 4050 1492 4117 olim
1522 4053 1645 4118 morati

472 4151 633 4218 institutio
654 4152 778 4220 ordinis
807 4155 855 4220 ita
885 4155 1058 4222 dumtaxat
1088 4157 1141 4222 rix
1171 4157 1298 4242 uspiam
1327 4156 1494 4243 perfectae
1523 4164 1647 4227 tranum

474 4259 609 4325 semitae
619 4260 727 4326 inesse
736 4262 895 4345 nequiret,
908 4264 1125 4330 commonitus
1136 4263 1205 4350 ipse
1214 4261 1240 4328 J
1241 4263 1387 4332 ohannes
1402 4271 1495 4332 trans
1508 4263 1647 4352 Alpium

473 4362 694 4451 hujuscemodi
708 4366 855 4434 discendi
868 4369 1038 4453 negotium
1057 4369 1195 4437 finitima
1211 4367 1401 4438 Cluuiarum
1416 4371 1648 4440 coenobiorum

564 4595 794 4667 becelmus
