3792 5375
831 593 1077 655 -201-

358 788 436 854 dum
459 787 695 875 qualiscunque
725 784 795 852 dies
826 783 941 867 fuerit,
965 791 1000 852 et
1022 784 1112 870 potio
1135 783 1329 871 propinetur
1351 801 1548 870 peremne·

359 893 479 961 fratrea
503 916 575 961 cum
600 893 709 959 sonitu
733 890 862 979 squillo.

448 1000 516 1068 Pro
540 1000 663 1067 abbate
686 999 789 1085 ipsius
812 996 887 1068 loci.
918 996 977 1064 Ad
992 1018 1147 1084 resperas
1169 1006 1244 1086 poet
1268 996 1550 1064 commemoratio·

358 1131 431 1174 neru
456 1115 644 1175 sanctorum
668 1106 841 1192 pulsentur
863 1106 974 1171 omnia
997 1104 1111 1190 sigua,
1133 1110 1168 1171 et
1191 1111 1370 1171 cantentur
1391 1123 1550 1190 vesperae

358 1224 577 1297 mortuorum,
602 1214 746 1301 quinque
770 1210 972 1279 candelabra
994 1212 1060 1278 eint
1084 1220 1162 1277 aute
1187 1210 1293 1277 altare
1309 1211 1344 1278 in
1366 1210 1439 1297 ipsa
1453 1209 1550 1293 hora,

358 1331 391 1389 et
416 1331 482 1388 tavu
507 1321 551 1389 ud
575 1320 716 1406 vigiliam
742 1341 841 1406 quam
866 1318 908 1385 ed
933 1319 1076 1389 ruiseanr.
1121 1315 1278 1386 Officium
1301 1317 1399 1406 quale
1421 1316 1550 1385 seriatis

359 1427 474 1496 diebus
505 1429 659 1495 evenerit.
708 1427 977 1515 Responsorium,
1001 1431 1046 1497 Si
1071 1429 1254 1509 aurbultm,
1291 1446 1311 1490 a
1342 1423 1471 1493 duobus
1500 1425 1551 1492 iu·

358 1535 504 1602 sentibus
527 1537 561 1602 in
585 1535 670 1601 albis
696 1535 820 1601 vestitis
843 1533 1050 1601 decantetur.
1088 1532 1258 1617 Tractum,
1282 1536 1337 1602 De
1353 1533 1549 1620 profundis,

359 1642 530 1709 aduobus
566 1642 724 1708 iratribus
757 1641 793 1708 in
827 1640 927 1721 albis;
961 1639 1087 1728 reliqua
1123 1638 1190 1707 alia
1221 1639 1342 1720 omnia,
1378 1645 1414 1706 ut
1446 1660 1551 1726 supra

357 1751 502 1835 positum
525 1758 586 1827 eet,
611 1749 658 1815 sic
681 1747 899 1816 celebrentur.
975 1766 987 1777 “

450 1856 490 1923 Iu
514 1856 740 1923 anniversaria
761 1855 1004 1940 Imperatorum
1028 1853 1184 1938 nitidum,
1208 1858 1261 1923 Ne
1282 1856 1404 1923 uades
1426 1855 1549 1924 bestie.

358 1963 629 2050 Responsorium,
656 1967 697 2031 si
717 1966 882 2031 ambulem
905 1965 940 2029 iu
964 1964 1071 2029 medio
1093 1965 1208 2030 timbre
1223 1962 1350 2031 ratmot.
1378 1958 1550 2042 fractum,

360 2073 575 2139 Comurmristr’
593 2072 732 2137 daritim.
766 2066 991 2154 Offertorium,
1017 2072 1108 2138 Erue
1122 2070 1251 2137 dorur'ue
1273 2070 1409 2137 anianus
1425 2091 1549 2136 eorum.

359 2177 565 2259 Communia,
588 2181 759 2263 Egeram
783 2178 993 2246 resurrectio.

450 2284 486 2352 Si
508 2286 714 2352 occurrerint
737 2283 857 2350 fratrer
879 2282 1019 2368 alicujus
1042 2283 1173 2370 corpori
1195 2280 1353 2368 defuncti,
1384 2283 1419 2349 in
1441 2280 1550 2350 eundo

304 2442 313 2461 .
359 2393 418 2458 hos
442 2393 588 2478 psalmos
612 2391 801 2472 decantent,
825 2393 1000 2459 Miserere.
1046 2393 1140 2459 Deus
1162 2395 1197 2459 iu
1220 2394 1350 2458 nomine
1371 2404 1436 2461 tuo.
1482 2391 1548 2458 Me·-

359 2522 470 2566 srrere
492 2502 559 2567 ruci
571 2503 675 2583 Deus,
701 2501 955 2566 misereremei.
988 2502 1081 2566 Deus
1096 2502 1297 2566 misereatur
1312 2501 1429 2568 nostri.
1452 2499 1548 2566 Deus

360 2609 394 2672 iu
416 2609 621 2696 adjutorirmr
646 2629 753 2673 rutum
776 2607 914 2675 intende.
962 2608 1021 2672 Ad
1052 2606 1219 2672 deteriorum
1252 2629 1327 2673 cum
1362 2607 1552 2673 tribularer

360 2715 519 2800 usquein
544 2714 641 2781 tinem
665 2713 831 2801 psalterii,
856 2713 1038 2781 sitantum
1060 2712 1275 2800 perstiterint.
1322 2712 1390 2779 Per
1415 2712 1550 2780 ordiner

359 2828 446 2902 eant,
467 2822 615 2909 juniores
639 2830 757 2902 antea,
788 2823 913 2906 priores
944 2820 1119 2907 posterius.
1166 2817 1251 2888 cum
1273 2820 1484 2906 pervenerint
1506 2816 1550 2887 ad

359 2931 467 3017 ipsum
497 2951 634 3015 corpus,
667 2929 857 2995 incensetur
890 2936 923 2995 et
955 2934 1151 3013 aspergetur
1184 2947 1272 3014 aqua
1306 2925 1483 2994 benedicte
1516 2934 1551 2995 et

360 3037 550 3123 pronuntiet
579 3038 685 3123 prior,
716 3039 823 3103 Pater
851 3049 972 3102 noster.
1017 3032 1225 3121 Capitulum,
1249 3037 1281 3102 A
1303 3047 1406 3121 porta
1434 3035 1551 3122 inferi.

359 3144 489 3229 Oratio,
513 3147 657 3213 Absolve
680 3147 770 3211 deus.
817 3141 964 3228 Expleta
996 3142 1165 3228 imponant
1187 3141 1444 3228 responsorium,
1469 3143 1550 3211 sur.

359 3257 467 3320 rreur‘te
489 3256 599 3321 sancti
619 3253 687 3329 dei,
720 3258 754 3317 et
784 3250 831 3315 sic
862 3248 1054 3334 deportetur
1075 3249 1110 3314 in
1133 3246 1316 3315 ecclesiam.
1364 3247 1478 3316 Finito
1502 3268 1553 3317 re·

359 3360 530 3446 sponsorio
554 3366 633 3425 eant
657 3358 690 3423 iu
715 3358 904 3424 claustrum.
937 3354 1149 3423 Efferendum
1173 3353 1218 3422 ad
1234 3353 1449 3442 sepulturum,
1472 3354 1551 3423 dum

359 3466 477 3533 dixerit
502 3464 655 3532 sacerdos
680 3464 872 3533 cretionem.
896 3467 972 3530 .er
988 3465 1092 3531 intres
1107 3464 1329 3552 r'ujudicr'um,
1353 3463 1420 3530 sint
1434 3483 1549 3530 omnes

359 3572 517 3642 inclinati.

441 3807 497 3882 De
525 3806 654 3880 officiis
684 3806 940 3881 defunctorum
969 3805 1126 3905 qualiter
1155 3805 1352 3881 deliniendi
1381 3805 1464 3880 nint

448 3997 527 4068 Lx.
544 3999 578 4065 A
590 3997 755 4065 Kalendis
767 3998 953 4066 novembris
966 3997 1233 4085 usqueLXXur,
1251 3999 1279 4064 si
1291 3996 1551 4065 anniversarium
1589 4036 1592 4039 ⁴

357 4105 488 4172 obbatis
511 4104 576 4173 loci
600 4107 702 4192 ipsius
727 4107 885 4190 evenerit,
910 4104 955 4173 ad
978 4126 1133 4191 vesperas
1149 4113 1224 4190 post
1240 4112 1377 4192 peracta
1392 4102 1551 4192 suffragia

357 4221 546 4279 sanctorum
575 4212 750 4300 pulsentur
778 4221 896 4279 carnoto
922 4214 1034 4299 sigua:
1065 4220 1133 4279 tuor
1158 4232 1314 4299 vesperae
1338 4220 1554 4280 mortuorum·
1634 4217 1640 4236 '

359 4318 489 4386 Dehinc
518 4320 561 4386 ad
596 4322 839 4406 processionem
874 4328 953 4387 eaut
988 4341 1061 4386 cum
1086 4340 1222 4405 vespera
1252 4319 1398 4387 omnium
1421 4325 1551 4386 sanem·

357 4448 441 4493 urin.
474 4426 516 4492 In
541 4428 687 4494 crastino
710 4436 786 4513 post
812 4426 1008 4494 nocturnale
1031 4425 1224 4512 obsequium
1248 4423 1357 4492 denuo
1380 4424 1554 4511 pulsentur

359 4533 452 4618 signa
481 4542 513 4601 et
544 4533 690 4600 osticium
721 4541 925 4602 mortuorum
955 4541 1124 4621 peragant.
1183 4530 1241 4599 Ad
1269 4531 1405 4597 missam
1434 4529 1550 4599 eadem

358 4639 492 4706 saciant.
516 4640 541 4727 ll
564 4639 633 4707 Pro
656 4639 756 4706 nullis
780 4640 853 4706 aliis
878 4647 1034 4706 cantatur
1055 4644 1181 4705 tractus
1205 4635 1295 4727 apud
1309 4658 1381 4721 nos,
1404 4637 1469 4703 nisi
1488 4657 1549 4723 pro

357 4745 475 4812 horum
497 4746 695 4827 nominibus,
716 4767 806 4833 quae
829 4747 998 4833 praesenti
1027 4744 1247 4833 patescimus,
1270 4741 1426 4810 abbatem
1448 4742 1554 4830 ipsine
