3792 5375
906 423 1134 529 -1e-'

429 661 603 747 euangelia.
648 658 705 726 Ad
729 679 899 745 uesperam
922 658 1071 725 similiter
1096 679 1193 723 unam
1217 663 1386 724 assumant
1409 662 1443 724 et
1464 654 1609 741 psalmos

428 789 466 833 ex
489 767 580 834 faria.
627 766 785 834 Similiter
812 764 919 831 sancti
939 764 1095 850 johannis
1126 772 1225 850 atque
1255 764 1463 831 innocentum
1486 760 1610 828 octusis

428 873 558 942 saciant.
597 873 655 940 Ad
671 873 845 939 stationem
863 871 1069 939 uenientibus
1085 871 1327 956 responsorium
1347 870 1414 937 siue
1429 867 1610 954 antiphona

427 978 681 1047 beataemariae
698 978 860 1046 dicantur.
898 978 1025 1045 Diebus
1043 999 1185 1064 namque
1208 977 1282 1062 illis,
1306 978 1363 1065 qui
1385 982 1513 1045 restant
1535 982 1609 1059 post

426 1093 575 1154 octauum
590 1108 694 1172 usque
709 1086 743 1152 iu
760 1084 990 1172 epyphaniam,
1007 1084 1116 1151 ornnia
1133 1092 1233 1168 agant
1248 1106 1289 1151 ex
1305 1084 1427 1151 domini
1442 1081 1609 1157 natalicio,

425 1201 556 1278 praeter
578 1192 745 1275 lectiones,
769 1213 854 1278 quae
877 1190 1032 1276 legantur
1053 1190 1095 1256 de
1118 1189 1280 1276 apostolo.

513 1298 658 1367 XXIII.
683 1297 757 1364 Ista
780 1297 1001 1384 theophaniae
1026 1320 1191 1364 sumemus
1214 1298 1248 1363 in
1271 1296 1385 1364 ordine
1408 1296 1506 1365 ritae.

513 1405 635 1489 vigilia
658 1404 871 1490 Teuphaniae
895 1404 1018 1470 domini
1034 1404 1214 1471 adornetur
1229 1402 1362 1469 dimidia
1381 1402 1517 1470 ecclesie
1533 1409 1610 1469 ante

424 1512 573 1598 prinum,
597 1510 749 1577 uidelicet
771 1510 1010 1596 presbyterium
1027 1518 1060 1577 et
1077 1510 1223 1580 chorum.
1257 1508 1314 1576 Ad
1330 1511 1464 1576 missam
1480 1508 1610 1575 dicatur

424 1618 576 1697 osticium,
600 1620 764 1684 Dominus
786 1621 886 1685 diuet.
917 1614 1046 1697 Oratio,
1072 1619 1183 1685 Cordo
1199 1630 1322 1688 trustra.
1354 1616 1516 1702 Epistola,
1541 1618 1609 1702 Ap·

165 1750 199 1791 o>
216 1747 272 1786 ππ.
292 1743 343 1791 ¹¹¹.
358 1742 381 1781 ⁴·
419 1726 539 1812 paruit
560 1723 796 1810 detergentes&
829 1723 1099 1809 Responsorium,
1123 1723 1311 1807 versiculus,
1335 1724 1532 1790 Benedictus
1554 1727 1613 1810 qui

424 1836 521 1913 stertit,
547 1833 708 1919 Allelnju.
748 1834 913 1898 Doeeeinus
935 1832 1033 1898 dixit.
1064 1830 1292 1915 Evangeliun,
1315 1833 1480 1916 Defuncto
1502 1841 1610 1896 autem

160 1966 182 1999 n
195 1961 294 2002 maa.
307 1956 340 2005 n.
353 1955 389 1996 aa.
424 1936 592 2006 teremit>
637 1934 867 2020 Offertorium,
902 1939 1058 2006 Letentur
1093 1939 1182 2004 coeli.
1239 1935 1449 2020 Communio,
1484 1939 1610 2004 Exuttu

424 2049 517 2111 sutis.
560 2043 732 2129 Jejuuium
755 2064 822 2110 non
844 2042 971 2110 iaciant
993 2043 1067 2129 ipso
1090 2042 1154 2113 die.
1201 2042 1239 2109 Si
1261 2044 1335 2128 ipsa
1357 2043 1537 2110 occurrerit
1560 2041 1612 2108 die

425 2151 587 2218 dominica
611 2151 744 2215 missam
774 2150 1002 2217 uarminalem
1027 2157 1130 2235 agant
1159 2149 1200 2217 de
1231 2149 1354 2235 uigilia,
1384 2148 1541 2235 majorem
1571 2170 1611 2215 ea

425 2256 597 2326 dominica.
629 2256 686 2322 Ad
710 2277 880 2342 uesperam
904 2256 971 2322 Xe?
987 2255 1188 2322 candelabra
1211 2277 1283 2322 cum
1307 2255 1410 2323 cereis
1426 2261 1503 2323 aute
1519 2276 1610 2321 mam

423 2370 549 2450 ponant
572 2369 606 2429 et
621 2362 727 2430 ΙΙΙΙω
737 2363 913 2448 posterius.
950 2361 1068 2429 'l’astes
1092 2362 1333 2448 euangeliorum
1357 2368 1492 2430 cunctos
1515 2361 1611 2430 ador·

424 2477 503 2537 nent
530 2469 673 2557 desuper
702 2469 808 2555 ipsam
839 2491 949 2554 aram,
985 2470 1079 2556 signa
1108 2491 1174 2538 nou
1208 2468 1272 2537 duo
1304 2469 1435 2536 insimul
1464 2470 1612 2555 inpn'mis

424 2576 651 2662 pulsabuntur,
675 2574 733 2642 sed
756 2583 887 2642 tantum
902 2597 1014 2642 unum.
1044 2575 1249 2662 Antiphone,
1272 2580 1381 2645 Stella
1395 2582 1472 2657 isto,
1495 2575 1613 2663 psalmi

424 2706 464 2751 ex
487 2683 570 2750 ieris
592 2683 696 2769 ipsius
720 2682 795 2750 diei.
842 2682 1047 2770 Capitulum,
1072 2685 1194 2771 Surge,
1219 2686 1422 2755 illuminare.
1464 2682 1612 2771 Respon-

426 2791 556 2872 sorium,
582 2793 735 2859 Colreuebe
756 2792 896 2877 speciae,
921 2789 973 2857 vel
994 2794 1203 2874 Illeuuinare,
1228 2793 1430 2862 illuminare.
1470 2789 1612 2872 Ymnus,

434 2901 514 2967 Veni
534 2901 730 2985 reetemptor.
770 2895 932 2963 Turibulo
954 2895 1020 2963 duo
1044 2896 1234 2965 sacerdotes
1254 2898 1404 2965 delerant
1419 2898 1614 2967 circumdati

427 3004 551 3091 cappis.
597 3003 809 3089 Antiphone,
846 3007 952 3090 Mergi
979 3007 1136 3072 uiderunt
1162 3007 1304 3074 stellam.
1352 3002 1487 3089 Oratio,
1522 3008 1613 3073 Deus

270 3161 278 3173 ·
311 3131 339 3170 τ’
428 3113 591 3180 illumino.
616 3107 645 3200 ][
668 3109 727 3175 Ad
756 3111 931 3178 stationem
961 3111 1221 3197 responsorium,
1250 3115 1330 3179 Trio
1358 3126 1436 3180 sunt
1463 3135 1612 3196 recurrero,

429 3242 513 3306 quae
534 3221 730 3285 obtulerunt.
777 3217 871 3284 Tunc
901 3217 1058 3284 sacerdos
1088 3217 1178 3284 dicut
1200 3216 1404 3301 vernonum,
1435 3219 1614 3286 Benedicta

428 3339 480 3406 tn,·
503 3325 620 3408 oratio,
644 3327 739 3392 Deus
754 3326 814 3411 qui
828 3327 1098 3392 beataemariae.
1130 3322 1485 3391 Inuitatorium.llll⁰r
1500 3325 1614 3411 cappis

427 3432 535 3498 vestiti
565 3430 753 3499 decantent.
800 3431 1060 3517 Responsorium
1083 3453 1105 3498 a
1127 3430 1256 3498 duobus
1284 3431 1526 3518 pronuntietur.
1571 3431 1614 3500 In

428 3541 533 3626 primo
555 3546 655 3625 atque
679 3538 823 3605 sectando
853 3544 1017 3606 nocturno
1046 3539 1114 3605 tria
1147 3537 1348 3605 candelabra
1381 3545 1548 3626 ponantur
1581 3549 1615 3606 et

428 3645 591 3732 posterius
614 3667 726 3713 unum.
772 3644 949 3712 Lectiones
973 3645 1099 3733 priores
1127 3644 1169 3713 de
1198 3646 1390 3732 prophetia,
1422 3646 1541 3713 Omnes
1569 3652 1614 3713 si·

429 3751 588 3822 umento
619 3750 662 3819 In
685 3774 751 3820 uno
774 3761 935 3819 nocturno
959 3772 1125 3819 sermones
1149 3751 1191 3819 de
1214 3752 1286 3838 ipsa
1309 3752 1373 3821 die.
1408 3752 1464 3818 Ad
1486 3752 1615 3821 cantica

429 3867 613 3944 augeantur
635 3857 734 3927 Vns
753 3867 830 3924 ante
853 3860 977 3944 ipsam,
1007 3867 1097 3926 retro
1126 3860 1279 3946 quinque.
1329 3860 1437 3947 Super
1459 3860 1615 3927 rectioam

430 3965 541 4033 XHo·
587 3964 644 4031 Ad
669 3965 843 4031 stationem
867 3967 1121 4052 responsorium,
1154 3968 1302 4035 Videutes
1323 3970 1464 4036 stellam.
1499 3965 1615 4036 Oratio

431 4072 472 4139 de
495 4071 684 4138 beatissima
708 4072 841 4156 uirgine.
877 4071 936 4137 Ad
959 4072 1186 4140 matutinalem
1209 4074 1342 4141 missam
1364 4095 1465 4140 unam
1487 4080 1615 4142 tantum

431 4178 601 4246 collectam
624 4177 773 4264 proferat
795 4178 960 4247 sacerdos.
1007 4179 1151 4247 Introitu
1174 4181 1293 4247 missae
1315 4201 1428 4248 omnes
1457 4201 1492 4248 se
1520 4179 1616 4248 ador·

431 4292 511 4351 uerit
534 4284 648 4370 cappis
678 4284 777 4351 etiam
807 4283 919 4352 idiote.
966 4284 1065 4352 XIIei
1084 4286 1170 4353 cerei
1200 4293 1277 4354 suut
1305 4295 1383 4355 aute
1413 4286 1527 4355 altaro.
1574 4286 1616 4356 Iu

432 4390 649 4477 expletionem
672 4391 791 4457 missae
815 4392 909 4476 signa
931 4391 1113 4479 pulsentur.
1160 4393 1218 4460 Ad
1239 4391 1339 4461 horas
1361 4392 1530 4482 acmularet
1551 4396 1617 4464 tria

431 4495 556 4565 lumina
578 4497 810 4564 illuminentur.
857 4496 915 4563 Ad
938 4519 1093 4585 resperas
1122 4500 1314 4586 antiphona,
1345 4504 1465 4571 Tecum
1486 4505 1616 4589 prinei·

427 4606 532 4691 pium.
579 4603 784 4692 AutIphoua,
815 4605 1017 4692 Redemptio.
1063 4605 1269 4693 AutIphoua,
1299 4609 1473 4679 Exortum.
1519 4608 1616 4676 Anti·
