3792 5375
876 426 1095 489 ..12-

399 618 583 686 monasterii
606 616 649 684 rlri
673 624 806 685 cantent
821 616 1044 702 antiphonam,
1070 616 1099 683 0
1122 640 1221 705 qaam
1239 626 1332 683 casta
1348 624 1458 681 tracter
1472 631 1575 695 usque

398 723 441 790 ad
464 724 569 791 finem.
601 724 640 790 ln
662 725 797 791 introitu
816 724 973 791 ecclesiae
989 724 1240 809 responsorium,
1273 720 1413 789 Verbum
1431 741 1510 786 caro
1524 716 1575 782 rel

398 832 575 899 Descendit
596 832 636 896 de
658 833 814 898 radicet
837 829 968 916 pulsent
984 830 1088 913 signa.
1128 828 1316 895 lnduantur
1331 845 1445 894 omnes
1461 823 1575 909 cappis

397 935 494 1003 dante
517 957 538 1002 a
560 937 736 1003 secretario
760 937 827 1002 sire
850 935 992 1002 armario
1016 943 1049 1002 et
1073 935 1214 1002 dimissis
1238 935 1337 1020 signis
1362 930 1509 1000 osticium
1524 931 1574 996 in·

396 1043 515 1128 cipiunt
539 1042 638 1109 xus
656 1042 783 1124 iratres,
808 1042 926 1127 quibus
948 1042 1101 1108 annuerit
1130 1041 1379 1128 paraphonista.
1426 1036 1573 1104 Candele

395 1149 459 1214 siut
482 1148 581 1215 XIIu'
599 1170 712 1217 accese
735 1156 812 1215 anto
834 1149 949 1219 altare.
997 1149 1103 1216 Missa
1131 1148 1263 1235 expleta
1286 1148 1380 1235 signa
1403 1144 1574 1232 pulsentur

394 1256 512 1325 omnia.
542 1256 609 1322 Por
631 1255 728 1323 horas
751 1258 816 1323 tria
839 1256 1039 1323 candelabra
1062 1256 1294 1325 accendantur.
1332 1252 1375 1321 In
1398 1250 1574 1318 refectorio

394 1370 488 1428 extra
510 1362 625 1429 libram
650 1386 748 1430 unum
771 1362 950 1429 bracialum
984 1363 1104 1430 fratres
1131 1361 1287 1432 habeant.
1334 1358 1440 1429 'l'riua
1462 1358 1573 1443 propi·

394 1470 482 1536 natio
505 1469 573 1537 ilat.
620 1468 675 1536 Ad
699 1469 1177 1556 s·espo1asXII⁰¹suntcerai
1202 1475 1280 1537 ante
1304 1467 1420 1535 altare.
1468 1465 1573 1533 Retro

392 1574 454 1659 Xe,
477 1583 510 1642 et
533 1577 674 1662 quinque
696 1576 866 1663 columpne
889 1597 1055 1643 cereorum
1072 1597 1209 1644 accense
1228 1583 1261 1642 et
1276 1596 1337 1662 per
1352 1594 1454 1641 uuum
1470 1570 1572 1656 quod·

392 1702 454 1766 que
469 1682 573 1749 altare
589 1704 682 1752 unus.
712 1683 913 1770 Antiphone,
944 1686 1060 1750 Tecum
1078 1686 1294 1771 principiam.
1329 1682 1570 1765 Redemptr‘one.

391 1792 552 1856 Exortum
577 1802 633 1856 est.
679 1794 784 1877 Apud
803 1794 980 1857 donatiuum.
1005 1782 1089 1856 Post
1110 1788 1342 1857 benedicamus
1365 1784 1500 1855 domino
1521 1806 1572 1852 re·

391 1902 505 1980 petant
527 1894 737 1982 antiphonam
760 1897 801 1963 ds
825 1903 939 1964 sancto
963 1894 1133 1982 Stephano
1156 1917 1229 1963 cum
1251 1894 1367 1982 gloria.
1414 1891 1467 1959 Ex
1496 1890 1573 1958 hinc

391 2002 601 2087 antiphonam
630 2010 764 2069 sanctae
788 2003 919 2069 mariae.
967 2000 1140 2088 Suffragia
1161 2008 1350 2070 sanctorum
1373 1997 1489 2082 dictis,
1523 1998 1571 2064 in·

390 2109 514 2194 cipiunt
547 2108 655 2176 denuo
688 2108 730 2175 ds
767 2108 946 2176 festivitate
981 2110 1088 2176 sancti
1124 2110 1273 2195 stephani
1308 2106 1352 2176 sd
1390 2104 1499 2174 altars
1536 2106 1570 2171 in

389 2213 542 2282 honorem
566 2215 653 2282 illius
675 2217 925 2302 responsorium,
957 2218 1119 2284 Videbunt
1137 2240 1257 2284 estraes.

478 2321 664 2408 Stephanus
686 2322 773 2388 hunc
796 2323 894 2390 ritum
917 2323 1047 2417 quaerit
1069 2343 1200 2390 servare
1224 2320 1405 2390 colendum.

478 2428 559 2496 XV.
589 2428 633 2495 Iu
662 2430 767 2497 sancti
796 2429 947 2515 stephani
976 2429 1153 2497 festivitate
1183 2430 1249 2497 sint
1279 2430 1322 2497 ad
1345 2426 1570 2497 inrimmrium

389 2534 454 2603 duo
478 2534 596 2603 fratres
624 2537 659 2603 iu
688 2537 802 2624 cappis
825 2528 943 2604 restiti.
991 2536 1168 2604 Lectiones
1197 2536 1231 2603 in
1262 2537 1369 2624 prima
1394 2539 1570 2618 nocturna,

139 2668 170 2712 (ι)
183 2668 243 2710 aa.
258 2665 305 2717 ur,
321 2666 343 2705 ι.
390 2647 430 2711 ln
452 2644 564 2712 dicim
587 2658 747 2713 crescente
759 2666 894 2712 restincto
908 2643 1186 2733 discipulorma.(⁸
1226 2643 1267 2712 In
1284 2639 1439 2714 &cunda
1461 2661 1570 2709 scruto

125 2772 360 2822 orrannum
387 2751 492 2818 sancti
513 2751 672 2837 fulgentii,
697 2754 786 2819 Heri
805 2750 1097 2820 celebrabimus&
1130 2751 1243 2819 Primo
1267 2759 1301 2819 et
1323 2746 1469 2819 secundo
1493 2769 1570 2816 noc·

387 2866 484 2925 turno
506 2866 573 2925 tres
588 2857 724 2925 candele
748 2864 825 2925 ante
848 2879 939 2924 aram
963 2865 998 2925 et
1019 2864 1109 2925 retro
1123 2880 1234 2940 unam,
1257 2857 1362 2924 Ima
1381 2854 1462 2925 vlu
1479 2854 1571 2922 xus

386 2965 627 3051 responsorium
660 2965 725 3031 dno
760 2964 880 3033 dicant.
938 2963 995 3030 Ad
1032 2964 1163 3031 confisa
1195 2964 1424 3032 illuminentur
1457 2982 1570 3030 omues

387 3071 482 3138 cerei.
527 3070 607 3138 lllox
630 3072 663 3137 in
686 3070 794 3156 laude,
826 3079 864 3137 at
885 3078 1073 3139 sauctorum
1097 3071 1252 3157 suffragia
1281 3070 1404 3138 inerim
1428 3068 1569 3154 expleta,

386 3177 560 3264 incipiatur
574 3178 827 3265 responsorium,
843 3180 1020 3261 Patefacto
1034 3190 1113 3246 snm
1126 3178 1259 3245 veniant
1273 3197 1387 3245 serum
1402 3174 1448 3243 ad
1463 3175 1569 3243 altare

386 3286 490 3351 sancti
520 3284 681 3372 stephani.
734 3284 926 3352 Versiculos
961 3291 994 3351 et
1029 3284 1136 3377 oratio
1168 3284 1210 3351 de
1244 3284 1317 3371 ipso
1346 3283 1458 3352 beato.
1512 3281 1569 3350 Ad

384 3391 608 3458 matutinalem
624 3391 754 3458 missam
769 3391 922 3472 officium,
946 3395 1041 3459 Puer
1055 3405 1168 3475 tratum
1183 3391 1305 3459 ibidem
1321 3389 1471 3470 collecta,
1491 3390 1570 3458 Con·

385 3501 460 3566 cede
489 3522 685 3585 qraearsamas
714 3499 799 3566 sient
828 3498 871 3566 ad
901 3499 1033 3565 missam
1064 3499 1221 3584 majoram
1254 3497 1412 3565 hesterna
1447 3494 1501 3562 die
1535 3502 1570 3563 et

384 3603 543 3691 adjungat
565 3605 790 3672 tantummodo
814 3605 984 3672 collectam
1013 3605 1071 3674 sci.
1096 3604 1260 3691 stephani.
1296 3599 1462 3691 Epistola,
1498 3604 1568 3690 Ap-

142 3734 237 3778 «)uu·
257 3729 292 3779 ¹¹.
310 3731 343 3769 ¹¹·
378 3712 676 3798 peragratam
699 3710 1373 3799 Evangelium,l>asaresloquebanar.<⁶)
1395 3705 1455 3776 Ad
1467 3707 1569 3794 majo·

133 3805 166 3848 ‘⁴'
178 3804 243 3846 ω’
262 3799 298 3849 '¹’
314 3800 348 3840 ¹⁵·
386 3839 453 3885 rem
466 3817 518 3886 VI
535 3818 600 3885 sint
615 3817 659 3885 ad
675 3817 826 3898 osticium,
842 3840 955 3886 omnes
970 3818 1159 3886 sacerdotes
1175 3825 1276 3905 atque
1288 3814 1419 3885 diaconi
1430 3814 1569 3884 cacum

182 3945 228 3987 aa
247 3945 289 3985 ro
386 3916 661 4015 denturcappis.¹
686 3924 785 3991 XII‘¹
806 3923 984 4016 candel][le
1007 3932 1085 3993 ante
1108 3947 1200 3992 aram
1223 3931 1258 3992 et
1280 3924 1324 3992 ad
1346 3919 1569 4011 expletionem

385 4032 503 4097 missac
526 4033 635 4098 omnia
658 4032 753 4117 sigua
774 4031 953 4118 pulsentur.
1000 4031 1043 4100 Iu
1065 4032 1155 4099 horis
1184 4032 1249 4099 tris
1278 4026 1484 4099 candelabra
1514 4048 1568 4096 ac·

384 4137 574 4205 condantur.
621 4137 677 4204 Ad
701 4160 863 4224 vesperus,
893 4161 978 4225 quac
1001 4161 1101 4225 super
1123 4146 1284 4207 nocturna
1310 4137 1495 4218 habeatnr,
1526 4133 1569 4203 de

385 4245 456 4330 ipso
489 4243 587 4312 beato
621 4243 782 4312 dicantur.
835 4245 934 4313 Dicto
963 4248 1204 4314 Benedicamas
1233 4249 1381 4329 dotrrino,
1411 4245 1569 4329 repetant

384 4349 597 4437 antiphonam
612 4351 653 4418 de
676 4357 789 4419 sancto
806 4351 954 4437 johanne
969 4373 1042 4419 cum
1060 4354 1179 4421 Gloria
1193 4356 1301 4439 patri.
1333 4345 1466 4419 Dciuds
1481 4348 1568 4414 auti·

384 4457 526 4542 phanum
539 4480 578 4524 ox
590 4457 711 4524 donnini
726 4459 916 4540 nativitatc3
932 4456 1096 4526 Sacerdos
1110 4458 1198 4526 hunc
1213 4479 1353 4540 versum,
1368 4455 1568 4526 Benedictus

384 4569 444 4648 qm'
466 4567 564 4631 octat.
616 4561 750 4647 Oratio,
788 4564 931 4632 Concede
958 4587 1166 4652 praeeramus.
1222 4564 1276 4631 Ex
1302 4570 1384 4631 tunc
1419 4559 1463 4631 ds
1495 4559 1567 4647 ejus
