3792 5375
816 423 1019 483 ..7-

325 638 424 683 unam
448 616 639 699 collectam,
675 612 877 682 offerendam
901 636 986 680 unns
1009 613 1129 700 saciat,
1165 615 1230 699 illi,
1261 616 1319 702 qui
1342 623 1520 686 cantarunt

326 724 586 791 benedictionem
610 732 711 810 atquo
734 728 887 801 tractum,
918 729 1083 788 exuantur
1105 743 1181 789 cum
1204 728 1361 807 Sanctus,
1384 738 1521 794 sanctus

326 831 479 898 habuerit
502 831 636 898 dictum.
684 831 808 898 Pacem
831 851 915 894 unus
938 829 1091 915 accipiat.
1140 829 1320 916 Vesperae,
1343 838 1520 919 postquam

327 945 541 1004 commesturn
564 937 752 1018 habuerint,
786 935 870 1002 bora
900 937 1083 1002 constituta
1113 934 1155 1002 de
1179 937 1331 1022 apostolo
1355 937 1519 1007 dicantur.

327 1046 403 1131 Qua
426 1044 556 1130 expleta
579 1045 760 1131 antiphona
784 1041 825 1108 de
849 1040 994 1108 aduentu
1017 1050 1169 1129 repetant
1194 1065 1269 1109 oum
1292 1044 1399 1130 gloria
1420 1047 1519 1131 patri.

416 1153 440 1238 ][
452 1149 604 1235 Qualiter
623 1154 676 1237 agi
693 1149 813 1217 debent
835 1148 952 1215 diebus
975 1158 1050 1216 octo
1065 1155 1144 1217 ante
1160 1150 1285 1217 domini
1300 1152 1519 1224 nativitatem.
1632 1199 1640 1214 .

416 1258 465 1326 X.
482 1258 573 1325 Ante
588 1267 740 1326 octavum
758 1255 844 1322 diem
860 1256 982 1321 natalis
995 1255 1118 1322 domini
1135 1256 1311 1325 inchoetur
1326 1257 1519 1345 antiphona,

328 1366 358 1433 0
389 1368 571 1452 Sapientia.
636 1363 738 1433 l'erbi
768 1363 876 1447 gratia
912 1362 1013 1429 bodio
1044 1385 1180 1450 rospere
1210 1364 1384 1450 inponitur
1408 1367 1439 1435 0
1465 1390 1520 1434 ra·

320 1476 461 1560 pientia.
508 1472 573 1538 Die
602 1474 747 1539 crastino
779 1469 952 1556 provideat
982 1470 1147 1537 aunarius
1171 1478 1274 1556 quota
1304 1473 1350 1539 sit
1376 1472 1460 1541 seria
1488 1480 1523 1542 at

327 1580 368 1646 de
392 1581 466 1666 ipsa
490 1586 642 1646 cantetur
673 1581 706 1645 in
736 1575 889 1643 laudibus
924 1577 1071 1663 quinque
1102 1577 1316 1664 antiphonae.
1363 1577 1522 1649 Similiter

327 1687 451 1753 saciant
479 1687 568 1754 omni
597 1686 651 1753 die
683 1706 743 1773 pcr
772 1683 937 1768 singulas,
976 1691 1015 1750 nt
1044 1685 1196 1751 venerint
1228 1687 1389 1771 usquein
1413 1687 1523 1773 vigilia

328 1793 449 1859 natalis
472 1792 604 1860 domini.
651 1793 693 1860 ln
714 1791 804 1858 boris
819 1791 939 1857 cotidie
955 1790 1087 1858 dicatur
1102 1792 1297 1878 antiphona,
1321 1814 1408 1879 quae
1423 1815 1523 1882 snper

326 1901 499 1984 evangelia
528 1900 731 1967 ebdomadae
754 1899 873 1965 tertiae
895 1897 1073 1969 habentur.
1119 1900 1219 1967 Dicit
1239 1900 1392 1970 dominus
1419 1901 1522 1989 inpri-

327 2008 389 2073 mis
405 2006 633 2093 incipientibus
658 2014 692 2074 et
714 2013 783 2071 turn
808 2004 904 2089 aliae,
929 2026 1016 2089 quae
1040 2027 1081 2072 ax
1096 2005 1214 2072 ordine
1225 2013 1392 2093 secuntur,
1416 2007 1524 2076 atnbi

329 2115 436 2181 irrinns
460 2116 636 2199 evenerint,
661 2121 873 2181 assumantur
895 2133 937 2178 ox
954 2111 1146 2198 antiphonis
1162 2113 1407 2199 evangeliorum
1423 2115 1523 2202 seph'·

327 2244 447 2289 nranao
471 2229 620 2307 quartae,
644 2243 731 2308 quae
754 2221 862 2305 prima
884 2227 1095 2305 nuncupatur
1117 2226 1195 2287 ante
1219 2219 1343 2289 domini
1365 2221 1522 2290 natalem.

327 2330 368 2394 In
400 2330 473 2413 ipsa
503 2350 644 2413 namque
674 2325 876 2395 ebdomadae
899 2326 1011 2392 111112
1038 2327 1074 2392 in
1103 2326 1158 2394 die
1190 2326 1355 2396 dominico
1382 2327 1523 2396 officium

327 2439 452 2502 h'orato
476 2439 566 2503 coeli.
612 2434 653 2502 In
684 2433 857 2503 cotidianis
881 2431 997 2500 diebus
1020 2454 1125 2519 usque
1149 2433 1295 2520 vigiliam
1320 2434 1444 2503 domini
1463 2422 1523 2503 de·

328 2549 481 2608 cantetur
504 2545 666 2610 nloinento
688 2545 796 2609 nostri
815 2541 956 2608 domine.

418 2649 486 2717 XI.
511 2649 686 2718 Dominica
708 2645 815 2717 11112·
838 2645 883 2714 ad
906 2668 1079 2735 vesperum
1103 2648 1361 2736 responsorium,

418 2760 495 2824 Non
520 2764 705 2844 nonoretur.
736 2754 796 2821 ad
814 2762 995 2823 nocturnos
1019 2757 1276 2842 responsorium,
1302 2758 1419 2826 Currite
1433 2758 1523 2827 tuba.

418 2863 542 2949 Vigilia
564 2864 670 2931 natali
694 2862 818 2930 domini
828 2862 854 2949 ¹)

418 2971 505 3039 XII.
530 2971 621 3038 Ante
644 2979 824 3041 nocturnas
847 2969 1000 3037 dieantur
1022 2970 1162 3054 triginta
1182 2970 1314 3057 psalmi.
1359 2969 1523 3041 Inritatu-

328 3081 421 3161 rium,
448 3082 556 3146 Hodie
581 3077 1010 3164 sciet1253pronuntiandun1
1034 3084 1068 3144 et
1091 3077 1308 3163 evangelium,
1335 3080 1526 3148 Comesse!

328 3186 574 3274 responsant>
602 3185 872 3273 Responsorium,
894 3188 1176 3273 Sarrctrficmrn'ni.
1219 3183 1523 3272 Capitulaadnoe·
1550 3203 1683 3250 totu-na
1698 3206 1721 3260 u.
1739 3211 1781 3254 ra

328 3303 452 3374 tumus,
477 3296 623 3380 Propter
638 3317 727 3381 syon.
763 3290 880 3359 Oratio
910 3291 953 3358 de
981 3291 1136 3376 adventu,
1160 3294 1309 3361 Praesta
1325 3316 1523 3381 quaesumus

327 3403 527 3486 ornrn'potcns
553 3405 642 3481 deris,
675 3414 711 3468 nt
732 3403 966 3485 redemptionis
988 3411 1099 3467 nostre
1121 3413 1264 3468 tonitura
1288 3404 1521 3481 (solemnitas).

327 3505 410 3572 Post
433 3504 516 3574 haec
538 3508 657 3594 psalmi
681 3506 861 3574 furniliares
884 3527 941 3572 seu
958 3506 1101 3573 officium
1121 3512 1327 3574 mortuorum
1342 3506 1393 3574 rel
1407 3528 1522 3575 eorum

327 3615 511 3682 matutinae
533 3615 763 3700 persolvantur
787 3619 819 3679 et
842 3613 1011 3699 processio
1035 3613 1080 3679 ad
1103 3620 1254 3681 sanctam
1278 3613 1417 3682 mariam
1429 3613 1522 3699 fiant,

327 3721 413 3786 sicut
434 3741 506 3787 mos
529 3729 580 3787 est
603 3743 678 3788 eum
699 3720 863 3787 matutino
886 3721 1032 3786 omnium
1062 3726 1262 3787 sanctorum.
1309 3720 1368 3788 Ad
1389 3721 1523 3790 matuti-

327 3827 419 3894 nales
448 3827 564 3895 landes
594 3827 792 3916 antiphona,
830 3824 968 3900 Judaeo
996 3839 1030 3895 et
1053 3829 1268 3895 hierusalem.
1318 3825 1522 3915 Capitulum,

327 3937 458 4002 Paulus
492 3957 627 4017 sororis,
668 3941 702 4002 et
737 3940 816 4000 tunc
850 3940 968 4000 cantor
1003 3940 1104 4000 canat
1140 3932 1175 4001 in
1212 3933 1313 4002 choro
1354 3956 1415 4002 suo
1447 3919 1545 4003 loco'

328 4041 587 4126 responsorium.
624 4045 761 4121 Jndnea
796 4055 828 4108 et
859 4043 1074 4109 hierusalem.
1120 4038 1165 4107 In
1200 4039 1406 4128 evangelium
1440 4040 1524 4109 anti·

327 4147 455 4234 phona,
488 4146 635 4218 Orietnr.
681 4147 815 4232 Preces,
849 4151 925 4236 Ego
947 4149 1034 4218 dixi.
1079 4144 1218 4231 Oratio,
1249 4151 1345 4217 Deus
1374 4151 1435 4237 qui
1466 4171 1524 4217 nos

420 4323 441 4393 ¹)
460 4324 493 4380 In
511 4325 650 4397 margine:
670 4325 712 4383 Ad
730 4330 837 4382 noctur.
873 4324 962 4382 Hodie
981 4324 1085 4382 scietis.
1110 4323 1146 4381 In
1164 4322 1206 4381 11·
1218 4330 1249 4382 1.
1268 4325 1398 4383 Crastina
1414 4325 1460 4383 dle
1478 4324 1524 4383 do

327 4413 429 4469 labitur
446 4412 586 4484 iniqnitas.
623 4413 748 4471 laland.
767 4413 898 4478 Rhodia
917 4413 1146 4485 scietiuqniar.
1177 4413 1216 4470 st
1233 4431 1323 4471 mne.
1352 4420 1385 4474 1.
1402 4415 1525 4472 undae

328 4502 373 4558 nie
392 4502 446 4558 erit
463 4503 550 4559 robis.
586 4503 630 4560 Ad
649 4505 691 4560 111
710 4503 881 4560 &crastina
900 4503 962 4561 erit.
982 4503 1017 4560 ad
1037 4501 1350 4565 inabstinentia
1375 4502 1421 4560 Ad
1439 4502 1524 4561 vnn

327 4591 449 4648 crastiua
468 4591 512 4650 die
530 4590 673 4650 delebitur.
710 4590 754 4648 An
771 4608 915 4663 respernrn
932 4591 1039 4663 primus
1057 4600 1088 4649 v.
1107 4590 1210 4648 Tecum
1228 4591 1401 4664 principium.
