<?xml version="1.0" encoding="UTF-8"?>
<!DOCTYPE html PUBLIC "-//W3C//DTD XHTML 1.0 Transitional//EN"
    "http://www.w3.org/TR/xhtml1/DTD/xhtml1-transitional.dtd">
<html xmlns="http://www.w3.org/1999/xhtml" xml:lang="en" lang="en">
 <head>
  <title>
</title>
<meta http-equiv="Content-Type" content="text/html;charset=utf-8" />
  <meta name='ocr-system' content='tesseract 3.04.00' />
  <meta name='ocr-capabilities' content='ocr_page ocr_carea ocr_par ocr_line ocrx_word'/>
</head>
<body>
  <div class='ocr_page' id='page_1' title='image "./consuetudinesmo00albegoog_0195.png"; bbox 0 0 3792 5375; ppageno 0'>
   <div class='ocr_carea' id='block_1_1' title="bbox 948 516 1174 580">
    <p class='ocr_par' dir='ltr' id='par_1_1' title="bbox 948 516 1174 580">
     <span class='ocr_line' id='line_1_1' title="bbox 948 516 1174 580; baseline -0.018 -14"><span class='ocrx_word' id='word_1_1' title='bbox 948 516 1174 580; x_wconf 72' lang='lat'><strong>..34-</strong></span> 
     </span>
    </p>
   </div>
   <div class='ocr_carea' id='block_1_2' title="bbox 146 703 1740 4545">
    <p class='ocr_par' dir='ltr' id='par_1_2' title="bbox 146 703 1655 2399">
     <span class='ocr_line' id='line_1_2' title="bbox 472 703 1653 796; baseline -0.008 -16"><span class='ocrx_word' id='word_1_2' title='bbox 472 714 626 790; x_wconf 80' lang='lat' dir='ltr'><strong>collecta,</strong></span> <span class='ocrx_word' id='word_1_3' title='bbox 668 712 811 778; x_wconf 78' lang='lat' dir='ltr'><strong>Concede</strong></span> <span class='ocrx_word' id='word_1_4' title='bbox 833 732 1032 796; x_wconf 82' lang='lat' dir='ltr'><strong>quaesumus</strong></span> <span class='ocrx_word' id='word_1_5' title='bbox 1054 712 1252 794; x_wconf 77' lang='lat' dir='ltr'><strong>onrru‘potens</strong></span> <span class='ocrx_word' id='word_1_6' title='bbox 1275 709 1355 774; x_wconf 83' lang='lat' dir='ltr'><strong>deus</strong></span> <span class='ocrx_word' id='word_1_7' title='bbox 1387 712 1421 772; x_wconf 87' lang='lat' dir='ltr'><strong>et</strong></span> <span class='ocrx_word' id='word_1_8' title='bbox 1444 703 1653 773; x_wconf 86' lang='lat' dir='ltr'><strong>cousuetudi-</strong></span> 
     </span>
     <span class='ocr_line' id='line_1_3' title="bbox 198 811 1653 902; baseline -0.006 -15"><span class='ocrx_word' id='word_1_9' title='bbox 198 845 229 882; x_wconf 67' lang='grc' dir='ltr'><strong>τι</strong></span> <span class='ocrx_word' id='word_1_10' title='bbox 251 837 442 889; x_wconf 56' lang='lat' dir='ltr'><strong>rsus-uuun-</strong></span> <span class='ocrx_word' id='word_1_11' title='bbox 470 821 595 887; x_wconf 84' lang='lat' dir='ltr'><strong>uariae.</strong></span> <span class='ocrx_word' id='word_1_12' title='bbox 630 815 793 902; x_wconf 82' lang='lat' dir='ltr'><strong>Epistola,</strong></span> <span class='ocrx_word' id='word_1_13' title='bbox 817 820 942 884; x_wconf 80' lang='lat' dir='ltr'><strong>Audite</strong></span> <span class='ocrx_word' id='word_1_14' title='bbox 954 811 1105 885; x_wconf 61' lang='lat' dir='ltr'><strong>insulae&gt;</strong></span> <span class='ocrx_word' id='word_1_15' title='bbox 1135 814 1362 900; x_wconf 75' lang='lat' dir='ltr'><strong>Evangelium,</strong></span> <span class='ocrx_word' id='word_1_16' title='bbox 1387 815 1579 880; x_wconf 79' lang='lat' dir='ltr'><strong>Helisubetlr</strong></span> <span class='ocrx_word' id='word_1_17' title='bbox 1594 816 1653 879; x_wconf 86' lang='lat' dir='ltr'><strong>inr-</strong></span> 
     </span>
     <span class='ocr_line' id='line_1_4' title="bbox 220 918 1652 1013; baseline -0.002 -23"><span class='ocrx_word' id='word_1_18' title='bbox 220 949 257 990; x_wconf 67' lang='lat' dir='ltr'><strong>ue</strong></span> <span class='ocrx_word' id='word_1_19' title='bbox 275 945 339 986; x_wconf 65' lang='lat' dir='ltr'><strong>rue.</strong></span> <span class='ocrx_word' id='word_1_20' title='bbox 356 945 375 996; x_wconf 85' lang='lat' dir='ltr'><strong>r,</strong></span> <span class='ocrx_word' id='word_1_21' title='bbox 391 946 426 986; x_wconf 82' lang='lat' dir='ltr'><strong>n.</strong></span> <span class='ocrx_word' id='word_1_22' title='bbox 465 931 591 1013; x_wconf 75' lang='lat' dir='ltr'><strong>pletrnn</strong></span> <span class='ocrx_word' id='word_1_23' title='bbox 614 938 663 991; x_wconf 83' lang='lat' dir='ltr'><strong>est</strong></span> <span class='ocrx_word' id='word_1_24' title='bbox 676 922 712 974; x_wconf 65' lang='lat' dir='ltr'><strong>‘ll</strong></span> <span class='ocrx_word' id='word_1_25' title='bbox 728 931 762 990; x_wconf 88' lang='lat' dir='ltr'><strong>et</strong></span> <span class='ocrx_word' id='word_1_26' title='bbox 785 922 852 988; x_wconf 86' lang='lat' dir='ltr'><strong>alia</strong></span> <span class='ocrx_word' id='word_1_27' title='bbox 875 923 961 989; x_wconf 87' lang='lat' dir='ltr'><strong>sicut-</strong></span> <span class='ocrx_word' id='word_1_28' title='bbox 982 922 1016 987; x_wconf 92' lang='lat' dir='ltr'><strong>in</strong></span> <span class='ocrx_word' id='word_1_29' title='bbox 1039 929 1318 988; x_wconf 86' lang='lat' dir='ltr'><strong>sacramentorum</strong></span> <span class='ocrx_word' id='word_1_30' title='bbox 1333 919 1418 987; x_wconf 92' lang='lat' dir='ltr'><strong>libro</strong></span> <span class='ocrx_word' id='word_1_31' title='bbox 1434 918 1652 987; x_wconf 87' lang='lat' dir='ltr'><strong>continentur.</strong></span> 
     </span>
     <span class='ocr_line' id='line_1_5' title="bbox 146 1025 1653 1115; baseline -0.006 -13"><span class='ocrx_word' id='word_1_32' title='bbox 146 1030 150 1034; x_wconf 67' lang='grc'><strong><em>’</em></strong></span> <span class='ocrx_word' id='word_1_33' title='bbox 470 1033 510 1099; x_wconf 92' lang='lat' dir='ltr'><strong>In</strong></span> <span class='ocrx_word' id='word_1_34' title='bbox 534 1030 624 1099; x_wconf 87' lang='lat' dir='ltr'><strong>horis</strong></span> <span class='ocrx_word' id='word_1_35' title='bbox 647 1031 797 1115; x_wconf 77' lang='lat' dir='ltr'><strong>imponas</strong></span> <span class='ocrx_word' id='word_1_36' title='bbox 820 1029 1034 1115; x_wconf 81' lang='lat' dir='ltr'><strong>antiphonas,</strong></span> <span class='ocrx_word' id='word_1_37' title='bbox 1066 1048 1151 1113; x_wconf 84' lang='lat' dir='ltr'><strong>quac</strong></span> <span class='ocrx_word' id='word_1_38' title='bbox 1175 1027 1208 1093; x_wconf 89' lang='lat' dir='ltr'><strong>in</strong></span> <span class='ocrx_word' id='word_1_39' title='bbox 1233 1026 1384 1094; x_wconf 83' lang='lat' dir='ltr'><strong>laudibus</strong></span> <span class='ocrx_word' id='word_1_40' title='bbox 1407 1026 1549 1094; x_wconf 82' lang='lat' dir='ltr'><strong>luerunt.</strong></span> <span class='ocrx_word' id='word_1_41' title='bbox 1595 1025 1653 1094; x_wconf 80' lang='lat' dir='ltr'><strong>Aa</strong></span> 
     </span>
     <span class='ocr_line' id='line_1_6' title="bbox 470 1132 1654 1226; baseline -0.004 -22"><span class='ocrx_word' id='word_1_42' title='bbox 470 1158 624 1226; x_wconf 82' lang='lat' dir='ltr'><strong>resperas</strong></span> <span class='ocrx_word' id='word_1_43' title='bbox 645 1136 727 1218; x_wconf 88' lang='lat' dir='ltr'><strong>illas,</strong></span> <span class='ocrx_word' id='word_1_44' title='bbox 752 1157 837 1222; x_wconf 71' lang='lat' dir='ltr'><strong>cpnao</strong></span> <span class='ocrx_word' id='word_1_45' title='bbox 861 1134 948 1203; x_wconf 86' lang='lat' dir='ltr'><strong>dicte</strong></span> <span class='ocrx_word' id='word_1_46' title='bbox 971 1143 1049 1202; x_wconf 89' lang='lat' dir='ltr'><strong>sunt</strong></span> <span class='ocrx_word' id='word_1_47' title='bbox 1072 1141 1233 1201; x_wconf 86' lang='lat' dir='ltr'><strong>nocturno</strong></span> <span class='ocrx_word' id='word_1_48' title='bbox 1257 1142 1291 1201; x_wconf 89' lang='lat' dir='ltr'><strong>et</strong></span> <span class='ocrx_word' id='word_1_49' title='bbox 1312 1132 1430 1220; x_wconf 88' lang='lat' dir='ltr'><strong>psalmi</strong></span> <span class='ocrx_word' id='word_1_50' title='bbox 1448 1132 1488 1200; x_wconf 86' lang='lat' dir='ltr'><strong>de</strong></span> <span class='ocrx_word' id='word_1_51' title='bbox 1504 1133 1589 1200; x_wconf 82' lang='lat' dir='ltr'><strong>seria</strong></span> <span class='ocrx_word' id='word_1_52' title='bbox 1610 1133 1654 1199; x_wconf 87' lang='lat' dir='ltr'><strong>si·</strong></span> 
     </span>
     <span class='ocr_line' id='line_1_7' title="bbox 469 1240 1653 1327; baseline -0.004 -15"><span class='ocrx_word' id='word_1_53' title='bbox 469 1247 536 1312; x_wconf 86' lang='lat' dir='ltr'><strong>cuti</strong></span> <span class='ocrx_word' id='word_1_54' title='bbox 575 1244 707 1310; x_wconf 77' lang='lat' dir='ltr'><strong>ueniunt</strong></span> <span class='ocrx_word' id='word_1_55' title='bbox 744 1241 869 1313; x_wconf 86' lang='lat' dir='ltr'><strong>diatim.</strong></span> <span class='ocrx_word' id='word_1_56' title='bbox 931 1242 1020 1310; x_wconf 75' lang='lat' dir='ltr'><strong>Nam</strong></span> <span class='ocrx_word' id='word_1_57' title='bbox 1054 1242 1081 1308; x_wconf 91' lang='lat' dir='ltr'><strong>si</strong></span> <span class='ocrx_word' id='word_1_58' title='bbox 1117 1240 1203 1308; x_wconf 82' lang='lat' dir='ltr'><strong>iutra</strong></span> <span class='ocrx_word' id='word_1_59' title='bbox 1236 1241 1342 1327; x_wconf 91' lang='lat' dir='ltr'><strong>ipsam</strong></span> <span class='ocrx_word' id='word_1_60' title='bbox 1377 1240 1653 1308; x_wconf 86' lang='lat' dir='ltr'><strong>caelebrationem</strong></span> 
     </span>
     <span class='ocr_line' id='line_1_8' title="bbox 469 1347 1652 1439; baseline -0.004 -21"><span class='ocrx_word' id='word_1_61' title='bbox 469 1352 588 1439; x_wconf 79' lang='lat' dir='ltr'><strong>aliquis</strong></span> <span class='ocrx_word' id='word_1_62' title='bbox 611 1357 745 1417; x_wconf 87' lang='lat' dir='ltr'><strong>sanctus</strong></span> <span class='ocrx_word' id='word_1_63' title='bbox 769 1350 914 1417; x_wconf 78' lang='lat' dir='ltr'><strong>evenerit</strong></span> <span class='ocrx_word' id='word_1_64' title='bbox 937 1348 1062 1416; x_wconf 87' lang='lat' dir='ltr'><strong>faciant</strong></span> <span class='ocrx_word' id='word_1_65' title='bbox 1090 1369 1131 1416; x_wconf 87' lang='lat' dir='ltr'><strong>ex</strong></span> <span class='ocrx_word' id='word_1_66' title='bbox 1155 1348 1210 1415; x_wconf 92' lang='lat' dir='ltr'><strong>illo</strong></span> <span class='ocrx_word' id='word_1_67' title='bbox 1240 1355 1308 1414; x_wconf 84' lang='lat' dir='ltr'><strong>tres</strong></span> <span class='ocrx_word' id='word_1_68' title='bbox 1331 1348 1488 1416; x_wconf 87' lang='lat' dir='ltr'><strong>lectiones</strong></span> <span class='ocrx_word' id='word_1_69' title='bbox 1511 1356 1546 1415; x_wconf 84' lang='lat' dir='ltr'><strong>et</strong></span> <span class='ocrx_word' id='word_1_70' title='bbox 1571 1347 1652 1414; x_wconf 85' lang='lat' dir='ltr'><strong>inri-</strong></span> 
     </span>
     <span class='ocr_line' id='line_1_9' title="bbox 468 1454 1652 1543; baseline -0.005 -17"><span class='ocrx_word' id='word_1_71' title='bbox 468 1459 625 1527; x_wconf 88' lang='lat' dir='ltr'><strong>tatorium</strong></span> <span class='ocrx_word' id='word_1_72' title='bbox 649 1456 837 1524; x_wconf 79' lang='lat' dir='ltr'><strong>decantent.</strong></span> <span class='ocrx_word' id='word_1_73' title='bbox 873 1455 1012 1538; x_wconf 73' lang='lat' dir='ltr'><strong>YmnuS,</strong></span> <span class='ocrx_word' id='word_1_74' title='bbox 1042 1458 1086 1526; x_wconf 81' lang='lat' dir='ltr'><strong>Ut</strong></span> <span class='ocrx_word' id='word_1_75' title='bbox 1106 1470 1228 1543; x_wconf 82' lang='lat' dir='ltr'><strong>queant</strong></span> <span class='ocrx_word' id='word_1_76' title='bbox 1249 1458 1349 1523; x_wconf 76' lang='lat' dir='ltr'><strong>hexis.</strong></span> <span class='ocrx_word' id='word_1_77' title='bbox 1385 1454 1432 1521; x_wconf 86' lang='lat' dir='ltr'><strong>Et</strong></span> <span class='ocrx_word' id='word_1_78' title='bbox 1454 1475 1514 1540; x_wconf 88' lang='lat' dir='ltr'><strong>per</strong></span> <span class='ocrx_word' id='word_1_79' title='bbox 1537 1475 1652 1521; x_wconf 89' lang='lat' dir='ltr'><strong>unum·</strong></span> 
     </span>
     <span class='ocr_line' id='line_1_10' title="bbox 469 1560 1653 1652; baseline 0 -24"><span class='ocrx_word' id='word_1_80' title='bbox 469 1585 652 1652; x_wconf 71' lang='lat' dir='ltr'><strong>«panemque</strong></span> <span class='ocrx_word' id='word_1_81' title='bbox 686 1569 883 1631; x_wconf 87' lang='lat' dir='ltr'><strong>nocturnum</strong></span> <span class='ocrx_word' id='word_1_82' title='bbox 919 1585 1017 1629; x_wconf 90' lang='lat' dir='ltr'><strong>unam</strong></span> <span class='ocrx_word' id='word_1_83' title='bbox 1053 1563 1268 1649; x_wconf 85' lang='lat' dir='ltr'><strong>antiphonam</strong></span> <span class='ocrx_word' id='word_1_84' title='bbox 1294 1562 1466 1648; x_wconf 85' lang='lat' dir='ltr'><strong>imponant</strong></span> <span class='ocrx_word' id='word_1_85' title='bbox 1489 1583 1529 1629; x_wconf 88' lang='lat' dir='ltr'><strong>ex</strong></span> <span class='ocrx_word' id='word_1_86' title='bbox 1552 1560 1653 1628; x_wconf 86' lang='lat' dir='ltr'><strong>beato</strong></span> 
     </span>
     <span class='ocr_line' id='line_1_11' title="bbox 464 1669 1655 1759; baseline -0.004 -18"><span class='ocrx_word' id='word_1_87' title='bbox 464 1674 612 1759; x_wconf 84' lang='lat' dir='ltr'><strong>johanne</strong></span> <span class='ocrx_word' id='word_1_88' title='bbox 635 1671 705 1759; x_wconf 90' lang='lat' dir='ltr'><strong>et¹)</strong></span> <span class='ocrx_word' id='word_1_89' title='bbox 728 1670 884 1737; x_wconf 83' lang='lat' dir='ltr'><strong>lectiones</strong></span> <span class='ocrx_word' id='word_1_90' title='bbox 907 1669 1020 1757; x_wconf 78' lang='lat' dir='ltr'><strong>legant</strong></span> <span class='ocrx_word' id='word_1_91' title='bbox 1043 1669 1198 1755; x_wconf 85' lang='lat' dir='ltr'><strong>ejusdem.</strong></span> <span class='ocrx_word' id='word_1_92' title='bbox 1245 1669 1468 1757; x_wconf 85' lang='lat' dir='ltr'><strong>Responsoria</strong></span> <span class='ocrx_word' id='word_1_93' title='bbox 1484 1669 1655 1736; x_wconf 85' lang='lat' dir='ltr'><strong>desauoto</strong></span> 
     </span>
     <span class='ocr_line' id='line_1_12' title="bbox 469 1775 1654 1863; baseline -0.004 -17"><span class='ocrx_word' id='word_1_94' title='bbox 469 1786 622 1862; x_wconf 72' lang='lat' dir='ltr'><strong>cantent,</strong></span> <span class='ocrx_word' id='word_1_95' title='bbox 660 1777 809 1845; x_wconf 84' lang='lat' dir='ltr'><strong>similiter</strong></span> <span class='ocrx_word' id='word_1_96' title='bbox 842 1778 877 1844; x_wconf 93' lang='lat' dir='ltr'><strong>in</strong></span> <span class='ocrx_word' id='word_1_97' title='bbox 910 1776 1065 1844; x_wconf 82' lang='lat' dir='ltr'><strong>laudibus</strong></span> <span class='ocrx_word' id='word_1_98' title='bbox 1099 1777 1242 1863; x_wconf 81' lang='lat' dir='ltr'><strong>quinquo</strong></span> <span class='ocrx_word' id='word_1_99' title='bbox 1270 1775 1471 1862; x_wconf 86' lang='lat' dir='ltr'><strong>antiphonae</strong></span> <span class='ocrx_word' id='word_1_100' title='bbox 1501 1783 1535 1843; x_wconf 88' lang='lat' dir='ltr'><strong>et</strong></span> <span class='ocrx_word' id='word_1_101' title='bbox 1562 1780 1654 1862; x_wconf 84' lang='lat' dir='ltr'><strong>post·</strong></span> 
     </span>
     <span class='ocr_line' id='line_1_13' title="bbox 468 1881 1652 1971; baseline -0.005 -16"><span class='ocrx_word' id='word_1_102' title='bbox 468 1887 599 1955; x_wconf 88' lang='lat' dir='ltr'><strong>modum</strong></span> <span class='ocrx_word' id='word_1_103' title='bbox 622 1889 775 1971; x_wconf 86' lang='lat' dir='ltr'><strong>repetant</strong></span> <span class='ocrx_word' id='word_1_104' title='bbox 797 1884 1010 1970; x_wconf 90' lang='lat' dir='ltr'><strong>antiphonam</strong></span> <span class='ocrx_word' id='word_1_105' title='bbox 1034 1884 1140 1950; x_wconf 86' lang='lat' dir='ltr'><strong>sancti</strong></span> <span class='ocrx_word' id='word_1_106' title='bbox 1158 1883 1315 1970; x_wconf 85' lang='lat' dir='ltr'><strong>johannis</strong></span> <span class='ocrx_word' id='word_1_107' title='bbox 1337 1905 1411 1950; x_wconf 90' lang='lat' dir='ltr'><strong>curn</strong></span> <span class='ocrx_word' id='word_1_108' title='bbox 1428 1881 1556 1950; x_wconf 83' lang='lat' dir='ltr'><strong>Gloria.</strong></span> <span class='ocrx_word' id='word_1_109' title='bbox 1594 1881 1652 1949; x_wconf 83' lang='lat' dir='ltr'><strong>Ad</strong></span> 
     </span>
     <span class='ocr_line' id='line_1_14' title="bbox 405 1989 1652 2081; baseline -0.008 -15"><span class='ocrx_word' id='word_1_110' title='bbox 405 2047 420 2067; x_wconf 85' lang='lat'><strong>.</strong></span> <span class='ocrx_word' id='word_1_111' title='bbox 466 1996 606 2081; x_wconf 87' lang='lat' dir='ltr'><strong>primam</strong></span> <span class='ocrx_word' id='word_1_112' title='bbox 629 1999 704 2077; x_wconf 89' lang='lat' dir='ltr'><strong>post</strong></span> <span class='ocrx_word' id='word_1_113' title='bbox 728 1991 908 2058; x_wconf 88' lang='lat' dir='ltr'><strong>laetaniam</strong></span> <span class='ocrx_word' id='word_1_114' title='bbox 932 1991 1046 2059; x_wconf 88' lang='lat' dir='ltr'><strong>dicant</strong></span> <span class='ocrx_word' id='word_1_115' title='bbox 1067 1990 1202 2058; x_wconf 86' lang='lat' dir='ltr'><strong>missam</strong></span> <span class='ocrx_word' id='word_1_116' title='bbox 1225 2011 1286 2076; x_wconf 91' lang='lat' dir='ltr'><strong>pro</strong></span> <span class='ocrx_word' id='word_1_117' title='bbox 1302 1989 1475 2059; x_wconf 75' lang='lat' dir='ltr'><strong>defunctis.</strong></span> <span class='ocrx_word' id='word_1_118' title='bbox 1513 1989 1572 2058; x_wconf 83' lang='lat' dir='ltr'><strong>Ad</strong></span> <span class='ocrx_word' id='word_1_119' title='bbox 1586 1995 1652 2057; x_wconf 92' lang='lat' dir='ltr'><strong>ter·</strong></span> 
     </span>
     <span class='ocr_line' id='line_1_15' title="bbox 468 2096 1655 2185; baseline -0.003 -17"><span class='ocrx_word' id='word_1_120' title='bbox 468 2102 548 2168; x_wconf 90' lang='lat' dir='ltr'><strong>tiam</strong></span> <span class='ocrx_word' id='word_1_121' title='bbox 572 2105 673 2184; x_wconf 76' lang='lat' dir='ltr'><strong>agant</strong></span> <span class='ocrx_word' id='word_1_122' title='bbox 696 2120 714 2166; x_wconf 90' lang='lat' dir='ltr'><strong>e</strong></span> <span class='ocrx_word' id='word_1_123' title='bbox 739 2099 879 2180; x_wconf 89' lang='lat' dir='ltr'><strong>sanctis,</strong></span> <span class='ocrx_word' id='word_1_124' title='bbox 918 2098 1136 2185; x_wconf 74' lang='lat' dir='ltr'><strong>adjungentes</strong></span> <span class='ocrx_word' id='word_1_125' title='bbox 1170 2097 1341 2165; x_wconf 85' lang='lat' dir='ltr'><strong>collectam</strong></span> <span class='ocrx_word' id='word_1_126' title='bbox 1371 2119 1411 2164; x_wconf 86' lang='lat' dir='ltr'><strong>ex</strong></span> <span class='ocrx_word' id='word_1_127' title='bbox 1441 2096 1589 2184; x_wconf 84' lang='lat' dir='ltr'><strong>baptista</strong></span> <span class='ocrx_word' id='word_1_128' title='bbox 1618 2105 1655 2165; x_wconf 88' lang='lat' dir='ltr'><strong>et</strong></span> 
     </span>
     <span class='ocr_line' id='line_1_16' title="bbox 468 2204 1654 2292; baseline -0.002 -19"><span class='ocrx_word' id='word_1_129' title='bbox 468 2208 551 2275; x_wconf 89' lang='lat' dir='ltr'><strong>alias</strong></span> <span class='ocrx_word' id='word_1_130' title='bbox 585 2204 900 2274; x_wconf 86' lang='lat' dir='ltr'><strong>consuetudinarias.</strong></span> <span class='ocrx_word' id='word_1_131' title='bbox 952 2205 1034 2272; x_wconf 89' lang='lat' dir='ltr'><strong>Post</strong></span> <span class='ocrx_word' id='word_1_132' title='bbox 1044 2204 1070 2292; x_wconf 78' lang='lat'><strong>²)</strong></span> <span class='ocrx_word' id='word_1_133' title='bbox 1105 2204 1322 2291; x_wconf 86' lang='lat' dir='ltr'><strong>expletionem</strong></span> <span class='ocrx_word' id='word_1_134' title='bbox 1355 2204 1475 2271; x_wconf 85' lang='lat' dir='ltr'><strong>missso</strong></span> <span class='ocrx_word' id='word_1_135' title='bbox 1509 2204 1654 2272; x_wconf 87' lang='lat' dir='ltr'><strong>efficiant</strong></span> 
     </span>
     <span class='ocr_line' id='line_1_17' title="bbox 467 2309 1013 2399; baseline 0 -18"><span class='ocrx_word' id='word_1_136' title='bbox 467 2315 579 2382; x_wconf 90' lang='lat' dir='ltr'><strong>omnia</strong></span> <span class='ocrx_word' id='word_1_137' title='bbox 601 2334 641 2378; x_wconf 82' lang='lat' dir='ltr'><strong>ex</strong></span> <span class='ocrx_word' id='word_1_138' title='bbox 663 2311 838 2398; x_wconf 87' lang='lat' dir='ltr'><strong>magnifico</strong></span> <span class='ocrx_word' id='word_1_139' title='bbox 855 2309 1013 2399; x_wconf 85' lang='lat' dir='ltr'><strong>johanne.</strong></span> 
     </span>
    </p>

    <p class='ocr_par' dir='ltr' id='par_1_3' title="bbox 466 2416 1654 3259">
     <span class='ocr_line' id='line_1_18' title="bbox 557 2416 1654 2505; baseline -0.002 -17"><span class='ocrx_word' id='word_1_140' title='bbox 557 2418 766 2489; x_wconf 82' lang='lat' dir='ltr'><strong>LXXXIV.</strong></span> <span class='ocrx_word' id='word_1_141' title='bbox 805 2416 934 2486; x_wconf 77' lang='lat' dir='ltr'><strong>Octava</strong></span> <span class='ocrx_word' id='word_1_142' title='bbox 964 2418 1113 2505; x_wconf 82' lang='lat' dir='ltr'><strong>ejusdem</strong></span> <span class='ocrx_word' id='word_1_143' title='bbox 1143 2417 1305 2503; x_wconf 77' lang='lat' dir='ltr'><strong>magnifici</strong></span> <span class='ocrx_word' id='word_1_144' title='bbox 1323 2416 1481 2503; x_wconf 86' lang='lat' dir='ltr'><strong>johannis</strong></span> <span class='ocrx_word' id='word_1_145' title='bbox 1503 2416 1654 2486; x_wconf 83' lang='lat' dir='ltr'><strong>inalbent</strong></span> 
     </span>
     <span class='ocr_line' id='line_1_19' title="bbox 468 2524 1651 2614; baseline -0.002 -19"><span class='ocrx_word' id='word_1_146' title='bbox 468 2550 503 2596; x_wconf 87' lang='lat' dir='ltr'><strong>se</strong></span> <span class='ocrx_word' id='word_1_147' title='bbox 527 2528 571 2596; x_wconf 91' lang='lat' dir='ltr'><strong>ad</strong></span> <span class='ocrx_word' id='word_1_148' title='bbox 591 2527 815 2594; x_wconf 79' lang='lat' dir='ltr'><strong>invitatorium</strong></span> <span class='ocrx_word' id='word_1_149' title='bbox 838 2526 903 2594; x_wconf 90' lang='lat' dir='ltr'><strong>duo</strong></span> <span class='ocrx_word' id='word_1_150' title='bbox 931 2525 1062 2597; x_wconf 78' lang='lat' dir='ltr'><strong>iratres.</strong></span> <span class='ocrx_word' id='word_1_151' title='bbox 1109 2524 1234 2613; x_wconf 90' lang='lat' dir='ltr'><strong>Ipsum,</strong></span> <span class='ocrx_word' id='word_1_152' title='bbox 1257 2527 1384 2613; x_wconf 77' lang='lat' dir='ltr'><strong>Regem</strong></span> <span class='ocrx_word' id='word_1_153' title='bbox 1401 2531 1651 2614; x_wconf 78' lang='lat' dir='ltr'><strong>praecursoris.</strong></span> 
     </span>
     <span class='ocr_line' id='line_1_20' title="bbox 468 2632 1652 2722; baseline -0.001 -20"><span class='ocrx_word' id='word_1_154' title='bbox 468 2633 617 2719; x_wconf 86' lang='lat' dir='ltr'><strong>Ymnns,</strong></span> <span class='ocrx_word' id='word_1_155' title='bbox 655 2636 698 2704; x_wconf 81' lang='lat' dir='ltr'><strong>Ut</strong></span> <span class='ocrx_word' id='word_1_156' title='bbox 718 2647 839 2722; x_wconf 79' lang='lat' dir='ltr'><strong>queam</strong></span> <span class='ocrx_word' id='word_1_157' title='bbox 860 2637 962 2703; x_wconf 83' lang='lat' dir='ltr'><strong>laxis.</strong></span> <span class='ocrx_word' id='word_1_158' title='bbox 1009 2632 1226 2720; x_wconf 83' lang='lat' dir='ltr'><strong>Antiphonas</strong></span> <span class='ocrx_word' id='word_1_159' title='bbox 1257 2639 1290 2701; x_wconf 87' lang='lat' dir='ltr'><strong>ot</strong></span> <span class='ocrx_word' id='word_1_160' title='bbox 1313 2633 1523 2721; x_wconf 86' lang='lat' dir='ltr'><strong>responsoria</strong></span> <span class='ocrx_word' id='word_1_161' title='bbox 1555 2632 1652 2702; x_wconf 88' lang='lat' dir='ltr'><strong>sicuti</strong></span> 
     </span>
     <span class='ocr_line' id='line_1_21' title="bbox 466 2739 1652 2831; baseline 0 -22"><span class='ocrx_word' id='word_1_162' title='bbox 466 2744 499 2810; x_wconf 90' lang='lat' dir='ltr'><strong>in</strong></span> <span class='ocrx_word' id='word_1_163' title='bbox 523 2745 595 2831; x_wconf 85' lang='lat' dir='ltr'><strong>ejus</strong></span> <span class='ocrx_word' id='word_1_164' title='bbox 623 2741 797 2809; x_wconf 76' lang='lat' dir='ltr'><strong>nativitate</strong></span> <span class='ocrx_word' id='word_1_165' title='bbox 826 2741 1036 2809; x_wconf 87' lang='lat' dir='ltr'><strong>celebrarunt</strong></span> <span class='ocrx_word' id='word_1_166' title='bbox 1069 2741 1119 2807; x_wconf 89' lang='lat' dir='ltr'><strong>ita</strong></span> <span class='ocrx_word' id='word_1_167' title='bbox 1151 2740 1380 2828; x_wconf 73' lang='lat' dir='ltr'><strong>pensabuntur</strong></span> <span class='ocrx_word' id='word_1_168' title='bbox 1414 2739 1457 2808; x_wconf 92' lang='lat' dir='ltr'><strong>ab</strong></span> <span class='ocrx_word' id='word_1_169' title='bbox 1490 2739 1652 2824; x_wconf 85' lang='lat' dir='ltr'><strong>omnibus,</strong></span> 
     </span>
     <span class='ocr_line' id='line_1_22' title="bbox 467 2846 1653 2937; baseline -0.001 -20"><span class='ocrx_word' id='word_1_170' title='bbox 467 2859 697 2937; x_wconf 79' lang='lat' dir='ltr'><strong>praeterquam</strong></span> <span class='ocrx_word' id='word_1_171' title='bbox 731 2847 819 2934; x_wconf 90' lang='lat' dir='ltr'><strong>quod</strong></span> <span class='ocrx_word' id='word_1_172' title='bbox 853 2846 1101 2935; x_wconf 76' lang='lat' dir='ltr'><strong>responsoria⁸l</strong></span> <span class='ocrx_word' id='word_1_173' title='bbox 1136 2849 1285 2915; x_wconf 80' lang='lat' dir='ltr'><strong>breviata</strong></span> <span class='ocrx_word' id='word_1_174' title='bbox 1308 2849 1351 2916; x_wconf 92' lang='lat' dir='ltr'><strong>ad</strong></span> <span class='ocrx_word' id='word_1_175' title='bbox 1375 2846 1495 2917; x_wconf 88' lang='lat' dir='ltr'><strong>Gloria</strong></span> <span class='ocrx_word' id='word_1_176' title='bbox 1517 2849 1606 2934; x_wconf 86' lang='lat' dir='ltr'><strong>patri</strong></span> <span class='ocrx_word' id='word_1_177' title='bbox 1629 2870 1653 2916; x_wconf 88' lang='lat' dir='ltr'><strong>s</strong></span> 
     </span>
     <span class='ocr_line' id='line_1_23' title="bbox 467 2953 1650 3043; baseline 0.003 -20"><span class='ocrx_word' id='word_1_178' title='bbox 467 2959 579 3043; x_wconf 88' lang='lat' dir='ltr'><strong>pueris</strong></span> <span class='ocrx_word' id='word_1_179' title='bbox 611 2953 886 3024; x_wconf 61' lang='lat' dir='ltr'><strong>decantabantur,</strong></span> <span class='ocrx_word' id='word_1_180' title='bbox 931 2955 1087 3043; x_wconf 83' lang='lat' dir='ltr'><strong>Inprimis</strong></span> <span class='ocrx_word' id='word_1_181' title='bbox 1114 2956 1178 3022; x_wconf 89' lang='lat' dir='ltr'><strong>sic:</strong></span> <span class='ocrx_word' id='word_1_182' title='bbox 1217 2958 1303 3023; x_wconf 86' lang='lat' dir='ltr'><strong>Ecce</strong></span> <span class='ocrx_word' id='word_1_183' title='bbox 1327 2959 1407 3022; x_wconf 80' lang='lat' dir='ltr'><strong>dedi</strong></span> <span class='ocrx_word' id='word_1_184' title='bbox 1433 2958 1537 3023; x_wconf 80' lang='lat' dir='ltr'><strong>verba</strong></span> <span class='ocrx_word' id='word_1_185' title='bbox 1567 2978 1650 3026; x_wconf 73' lang='lat' dir='ltr'><strong>nnn</strong></span> 
     </span>
     <span class='ocr_line' id='line_1_24' title="bbox 467 3061 1652 3150; baseline 0.001 -19"><span class='ocrx_word' id='word_1_186' title='bbox 467 3063 508 3131; x_wconf 89' lang='lat' dir='ltr'><strong>In</strong></span> <span class='ocrx_word' id='word_1_187' title='bbox 532 3062 686 3146; x_wconf 83' lang='lat' dir='ltr'><strong>secundo,</strong></span> <span class='ocrx_word' id='word_1_188' title='bbox 711 3065 821 3149; x_wconf 77' lang='lat' dir='ltr'><strong>Reges</strong></span> <span class='ocrx_word' id='word_1_189' title='bbox 844 3064 996 3130; x_wconf 71' lang='lat' dir='ltr'><strong>videbun</strong></span> <span class='ocrx_word' id='word_1_190' title='bbox 1016 3076 1049 3130; x_wconf 82' lang='lat' dir='ltr'><strong>et</strong></span> <span class='ocrx_word' id='word_1_191' title='bbox 1071 3076 1277 3150; x_wconf 71' lang='lat' dir='ltr'><strong>consurgent.</strong></span> <span class='ocrx_word' id='word_1_192' title='bbox 1323 3061 1365 3128; x_wconf 90' lang='lat' dir='ltr'><strong>In</strong></span> <span class='ocrx_word' id='word_1_193' title='bbox 1388 3063 1498 3144; x_wconf 87' lang='lat' dir='ltr'><strong>tertio,</strong></span> <span class='ocrx_word' id='word_1_194' title='bbox 1529 3064 1652 3141; x_wconf 86' lang='lat' dir='ltr'><strong>Justns</strong></span> 
     </span>
     <span class='ocr_line' id='line_1_25' title="bbox 467 3160 1649 3259; baseline -0.001 -20"><span class='ocrx_word' id='word_1_195' title='bbox 467 3185 504 3239; x_wconf 84' lang='lat' dir='ltr'><strong>nt</strong></span> <span class='ocrx_word' id='word_1_196' title='bbox 517 3173 639 3259; x_wconf 77' lang='lat' dir='ltr'><strong>pulum</strong></span> <span class='ocrx_word' id='word_1_197' title='bbox 652 3172 800 3257; x_wconf 81' lang='lat' dir='ltr'><strong>florebit.</strong></span> <span class='ocrx_word' id='word_1_198' title='bbox 847 3160 1024 3237; x_wconf 83' lang='lat' dir='ltr'><strong>Lectiones</strong></span> <span class='ocrx_word' id='word_1_199' title='bbox 1046 3177 1131 3250; x_wconf 86' lang='lat' dir='ltr'><strong>octo,</strong></span> <span class='ocrx_word' id='word_1_200' title='bbox 1165 3171 1212 3237; x_wconf 84' lang='lat' dir='ltr'><strong>Et</strong></span> <span class='ocrx_word' id='word_1_201' title='bbox 1222 3174 1359 3254; x_wconf 85' lang='lat' dir='ltr'><strong>sucnnn</strong></span> <span class='ocrx_word' id='word_1_202' title='bbox 1383 3182 1445 3252; x_wconf 81' lang='lat' dir='ltr'><strong>cst,</strong></span> <span class='ocrx_word' id='word_1_203' title='bbox 1469 3171 1588 3257; x_wconf 81' lang='lat' dir='ltr'><strong>inquid</strong></span> <span class='ocrx_word' id='word_1_204' title='bbox 1608 3177 1649 3251; x_wconf 74' lang='lat' dir='ltr'><strong>(t)</strong></span> 
     </span>
    </p>

    <p class='ocr_par' dir='ltr' id='par_1_4' title="bbox 312 3273 1740 4545">
     <span class='ocr_line' id='line_1_26' title="bbox 312 3273 1652 3365; baseline 0.004 -26"><span class='ocrx_word' id='word_1_205' title='bbox 312 3326 318 3339; x_wconf 89' lang='lat'><strong>.</strong></span> <span class='ocrx_word' id='word_1_206' title='bbox 362 3307 374 3330; x_wconf 68' lang='grc' dir='ltr'>ν</span> <span class='ocrx_word' id='word_1_207' title='bbox 466 3282 502 3345; x_wconf 87' lang='lat' dir='ltr'><strong>iu</strong></span> <span class='ocrx_word' id='word_1_208' title='bbox 525 3283 580 3347; x_wconf 82' lang='lat' dir='ltr'><strong>dic</strong></span> <span class='ocrx_word' id='word_1_209' title='bbox 601 3276 761 3361; x_wconf 58' lang='lat' dir='ltr'><strong>acturust)</strong></span> <span class='ocrx_word' id='word_1_210' title='bbox 798 3274 839 3343; x_wconf 94' lang='lat' dir='ltr'><strong>In</strong></span> <span class='ocrx_word' id='word_1_211' title='bbox 864 3276 961 3343; x_wconf 88' lang='lat' dir='ltr'><strong>tertio</strong></span> <span class='ocrx_word' id='word_1_212' title='bbox 984 3275 1127 3343; x_wconf 88' lang='lat' dir='ltr'><strong>homelia</strong></span> <span class='ocrx_word' id='word_1_213' title='bbox 1149 3298 1189 3342; x_wconf 79' lang='lat' dir='ltr'><strong>cn</strong></span> <span class='ocrx_word' id='word_1_214' title='bbox 1212 3273 1434 3365; x_wconf 79' lang='lat' dir='ltr'><strong>evangelio,][</strong></span> <span class='ocrx_word' id='word_1_215' title='bbox 1458 3279 1652 3346; x_wconf 83' lang='lat' dir='ltr'><strong>Helisubetlc</strong></span> 
     </span>
     <span class='ocr_line' id='line_1_27' title="bbox 466 3381 1652 3472; baseline 0.001 -21"><span class='ocrx_word' id='word_1_216' title='bbox 466 3386 636 3472; x_wconf 78' lang='lat' dir='ltr'><strong>impletum</strong></span> <span class='ocrx_word' id='word_1_217' title='bbox 664 3395 723 3451; x_wconf 76' lang='lat' dir='ltr'><strong>est.</strong></span> <span class='ocrx_word' id='word_1_218' title='bbox 769 3383 854 3451; x_wconf 89' lang='lat' dir='ltr'><strong>Post</strong></span> <span class='ocrx_word' id='word_1_219' title='bbox 885 3381 1059 3450; x_wconf 87' lang='lat' dir='ltr'><strong>lectionem</strong></span> <span class='ocrx_word' id='word_1_220' title='bbox 1093 3382 1317 3469; x_wconf 82' lang='lat' dir='ltr'><strong>evangelicam</strong></span> <span class='ocrx_word' id='word_1_221' title='bbox 1347 3382 1435 3449; x_wconf 84' lang='lat' dir='ltr'><strong>hanc</strong></span> <span class='ocrx_word' id='word_1_222' title='bbox 1469 3383 1652 3452; x_wconf 71' lang='lat' dir='ltr'><strong>uranonem</strong></span> 
     </span>
     <span class='ocr_line' id='line_1_28' title="bbox 466 3489 1652 3577; baseline -0.001 -18"><span class='ocrx_word' id='word_1_223' title='bbox 466 3491 672 3577; x_wconf 80' lang='lat' dir='ltr'><strong>persolvant,</strong></span> <span class='ocrx_word' id='word_1_224' title='bbox 712 3492 855 3560; x_wconf 75' lang='lat' dir='ltr'><strong>Concede</strong></span> <span class='ocrx_word' id='word_1_225' title='bbox 877 3513 1074 3577; x_wconf 79' lang='lat' dir='ltr'><strong>preaesunrus</strong></span> <span class='ocrx_word' id='word_1_226' title='bbox 1102 3494 1299 3577; x_wconf 72' lang='lat' dir='ltr'><strong>otrenr&#39;pmens</strong></span> <span class='ocrx_word' id='word_1_227' title='bbox 1328 3493 1419 3558; x_wconf 85' lang='lat' dir='ltr'><strong>deus.</strong></span> <span class='ocrx_word' id='word_1_228' title='bbox 1464 3490 1505 3557; x_wconf 94' lang='lat' dir='ltr'><strong>In</strong></span> <span class='ocrx_word' id='word_1_229' title='bbox 1534 3489 1652 3558; x_wconf 84' lang='lat' dir='ltr'><strong>laudes</strong></span> 
     </span>
     <span class='ocr_line' id='line_1_29' title="bbox 467 3596 1651 3686; baseline 0.001 -22"><span class='ocrx_word' id='word_1_230' title='bbox 467 3599 610 3686; x_wconf 84' lang='lat' dir='ltr'><strong>quinque</strong></span> <span class='ocrx_word' id='word_1_231' title='bbox 644 3597 842 3683; x_wconf 87' lang='lat' dir='ltr'><strong>antiphonas</strong></span> <span class='ocrx_word' id='word_1_232' title='bbox 875 3598 1046 3684; x_wconf 89' lang='lat' dir='ltr'><strong>inponant.</strong></span> <span class='ocrx_word' id='word_1_233' title='bbox 1091 3596 1320 3685; x_wconf 89' lang='lat' dir='ltr'><strong>Antiphonarn</strong></span> <span class='ocrx_word' id='word_1_234' title='bbox 1344 3596 1553 3684; x_wconf 85' lang='lat' dir='ltr'><strong>postmodum</strong></span> <span class='ocrx_word' id='word_1_235' title='bbox 1577 3619 1651 3665; x_wconf 86' lang='lat' dir='ltr'><strong>cum</strong></span> 
     </span>
     <span class='ocr_line' id='line_1_30' title="bbox 467 3702 1654 3791; baseline 0.002 -20"><span class='ocrx_word' id='word_1_236' title='bbox 467 3702 586 3774; x_wconf 88' lang='lat' dir='ltr'><strong>Gloria</strong></span> <span class='ocrx_word' id='word_1_237' title='bbox 608 3706 696 3790; x_wconf 89' lang='lat' dir='ltr'><strong>patri</strong></span> <span class='ocrx_word' id='word_1_238' title='bbox 726 3727 767 3772; x_wconf 88' lang='lat' dir='ltr'><strong>ex</strong></span> <span class='ocrx_word' id='word_1_239' title='bbox 797 3703 956 3791; x_wconf 84' lang='lat' dir='ltr'><strong>apostolis</strong></span> <span class='ocrx_word' id='word_1_240' title='bbox 985 3711 1149 3790; x_wconf 88' lang='lat' dir='ltr'><strong>repetant.</strong></span> <span class='ocrx_word' id='word_1_241' title='bbox 1195 3702 1334 3771; x_wconf 89' lang='lat' dir='ltr'><strong>Missam</strong></span> <span class='ocrx_word' id='word_1_242' title='bbox 1357 3703 1585 3771; x_wconf 85' lang='lat' dir='ltr'><strong>matutinalem</strong></span> <span class='ocrx_word' id='word_1_243' title='bbox 1610 3704 1654 3773; x_wconf 87' lang='lat' dir='ltr'><strong>de</strong></span> 
     </span>
     <span class='ocr_line' id='line_1_31' title="bbox 468 3810 1653 3898; baseline 0.002 -20"><span class='ocrx_word' id='word_1_244' title='bbox 468 3814 592 3881; x_wconf 89' lang='lat' dir='ltr'><strong>sanctis</strong></span> <span class='ocrx_word' id='word_1_245' title='bbox 614 3812 772 3898; x_wconf 88' lang='lat' dir='ltr'><strong>apostolis</strong></span> <span class='ocrx_word' id='word_1_246' title='bbox 795 3810 995 3880; x_wconf 89' lang='lat' dir='ltr'><strong>caelebrent.</strong></span> <span class='ocrx_word' id='word_1_247' title='bbox 1032 3810 1091 3878; x_wconf 91' lang='lat' dir='ltr'><strong>Ad</strong></span> <span class='ocrx_word' id='word_1_248' title='bbox 1113 3812 1270 3897; x_wconf 88' lang='lat' dir='ltr'><strong>majorem</strong></span> <span class='ocrx_word' id='word_1_249' title='bbox 1294 3811 1446 3896; x_wconf 84' lang='lat' dir='ltr'><strong>officium,</strong></span> <span class='ocrx_word' id='word_1_250' title='bbox 1469 3814 1653 3880; x_wconf 74' lang='lat' dir='ltr'><strong>Devenere</strong></span> 
     </span>
     <span class='ocr_line' id='line_1_32' title="bbox 467 3916 1740 4005; baseline 0.001 -20"><span class='ocrx_word' id='word_1_251' title='bbox 467 3924 588 3989; x_wconf 75' lang='lat' dir='ltr'><strong>uternis</strong></span> <span class='ocrx_word' id='word_1_252' title='bbox 610 3944 711 4002; x_wconf 71' lang='lat' dir='ltr'><strong>serene,</strong></span> <span class='ocrx_word' id='word_1_253' title='bbox 737 3920 822 3985; x_wconf 88' lang='lat' dir='ltr'><strong>sicut</strong></span> <span class='ocrx_word' id='word_1_254' title='bbox 845 3920 878 3985; x_wconf 96' lang='lat' dir='ltr'><strong>in</strong></span> <span class='ocrx_word' id='word_1_255' title='bbox 902 3919 972 4005; x_wconf 85' lang='lat' dir='ltr'><strong>ejus</strong></span> <span class='ocrx_word' id='word_1_256' title='bbox 993 3916 1184 3987; x_wconf 83' lang='lat' dir='ltr'><strong>celebritate</strong></span> <span class='ocrx_word' id='word_1_257' title='bbox 1207 3917 1269 3986; x_wconf 84' lang='lat' dir='ltr'><strong>suit</strong></span> <span class='ocrx_word' id='word_1_258' title='bbox 1291 3927 1325 3985; x_wconf 89' lang='lat' dir='ltr'><strong>et</strong></span> <span class='ocrx_word' id='word_1_259' title='bbox 1346 3919 1444 3985; x_wconf 86' lang='lat' dir='ltr'><strong>istam</strong></span> <span class='ocrx_word' id='word_1_260' title='bbox 1467 3917 1651 3999; x_wconf 81' lang='lat' dir='ltr'><strong>collectam,</strong></span> <span class='ocrx_word' id='word_1_261' title='bbox 1737 3956 1740 3961; x_wconf 95' lang='lat'>·</span> 
     </span>
     <span class='ocr_line' id='line_1_33' title="bbox 470 4024 1653 4114; baseline 0.001 -20"><span class='ocrx_word' id='word_1_262' title='bbox 470 4028 613 4096; x_wconf 75' lang='lat' dir='ltr'><strong>Concede</strong></span> <span class='ocrx_word' id='word_1_263' title='bbox 634 4049 832 4114; x_wconf 81' lang='lat' dir='ltr'><strong>quaesumus</strong></span> <span class='ocrx_word' id='word_1_264' title='bbox 853 4030 1051 4114; x_wconf 68' lang='lat' dir='ltr'><strong>orrrnntoteus</strong></span> <span class='ocrx_word' id='word_1_265' title='bbox 1074 4030 1153 4095; x_wconf 87' lang='lat' dir='ltr'><strong>dens</strong></span> <span class='ocrx_word' id='word_1_266' title='bbox 1176 4032 1211 4094; x_wconf 84' lang='lat' dir='ltr'><strong>et</strong></span> <span class='ocrx_word' id='word_1_267' title='bbox 1233 4024 1404 4112; x_wconf 85' lang='lat' dir='ltr'><strong>sequentia</strong></span> <span class='ocrx_word' id='word_1_268' title='bbox 1427 4024 1615 4096; x_wconf 80' lang='lat' dir='ltr'><strong>decantent.</strong></span> <span class='ocrx_word' id='word_1_269' title='bbox 1625 4025 1653 4112; x_wconf 80' lang='lat'><strong>⁴)</strong></span> 
     </span>
     <span class='ocr_line' id='line_1_34' title="bbox 467 4131 1651 4221; baseline 0 -21"><span class='ocrx_word' id='word_1_270' title='bbox 467 4132 525 4200; x_wconf 85' lang='lat' dir='ltr'><strong>Ad</strong></span> <span class='ocrx_word' id='word_1_271' title='bbox 549 4133 730 4219; x_wconf 81' lang='lat' dir='ltr'><strong>vesperam</strong></span> <span class='ocrx_word' id='word_1_272' title='bbox 761 4132 961 4221; x_wconf 83' lang='lat' dir='ltr'><strong>antiphonae</strong></span> <span class='ocrx_word' id='word_1_273' title='bbox 991 4133 1077 4202; x_wconf 87' lang='lat' dir='ltr'><strong>sicut</strong></span> <span class='ocrx_word' id='word_1_274' title='bbox 1105 4133 1140 4200; x_wconf 93' lang='lat' dir='ltr'><strong>in</strong></span> <span class='ocrx_word' id='word_1_275' title='bbox 1167 4134 1271 4220; x_wconf 87' lang='lat' dir='ltr'><strong>primo</strong></span> <span class='ocrx_word' id='word_1_276' title='bbox 1297 4138 1459 4200; x_wconf 89' lang='lat' dir='ltr'><strong>nocturno</strong></span> <span class='ocrx_word' id='word_1_277' title='bbox 1481 4131 1651 4219; x_wconf 83' lang='lat' dir='ltr'><strong>praecine-</strong></span> 
     </span>
     <span class='ocr_line' id='line_1_35' title="bbox 467 4238 1650 4329; baseline -0.001 -21"><span class='ocrx_word' id='word_1_278' title='bbox 467 4249 546 4308; x_wconf 88' lang='lat' dir='ltr'><strong>runt</strong></span> <span class='ocrx_word' id='word_1_279' title='bbox 569 4246 604 4308; x_wconf 88' lang='lat' dir='ltr'><strong>et</strong></span> <span class='ocrx_word' id='word_1_280' title='bbox 625 4241 673 4306; x_wconf 87' lang='lat' dir='ltr'><strong>ita</strong></span> <span class='ocrx_word' id='word_1_281' title='bbox 695 4238 881 4308; x_wconf 83' lang='lat' dir='ltr'><strong>decantent</strong></span> <span class='ocrx_word' id='word_1_282' title='bbox 928 4240 1079 4308; x_wconf 86' lang='lat' dir='ltr'><strong>Psalmos</strong></span> <span class='ocrx_word' id='word_1_283' title='bbox 1102 4240 1144 4308; x_wconf 87' lang='lat' dir='ltr'><strong>de</strong></span> <span class='ocrx_word' id='word_1_284' title='bbox 1167 4241 1262 4308; x_wconf 87' lang='lat' dir='ltr'><strong>unios</strong></span> <span class='ocrx_word' id='word_1_285' title='bbox 1284 4239 1440 4329; x_wconf 75' lang='lat' dir='ltr'><strong>martyris</strong></span> <span class='ocrx_word' id='word_1_286' title='bbox 1463 4247 1650 4328; x_wconf 78' lang='lat' dir='ltr'><strong>assumant3</strong></span> 
     </span>
     <span class='ocr_line' id='line_1_36' title="bbox 466 4345 1652 4435; baseline -0.001 -19"><span class='ocrx_word' id='word_1_287' title='bbox 466 4369 601 4435; x_wconf 71' lang='lat' dir='ltr'><strong>Jmnua,</strong></span> <span class='ocrx_word' id='word_1_288' title='bbox 637 4348 681 4416; x_wconf 81' lang='lat' dir='ltr'><strong>U!</strong></span> <span class='ocrx_word' id='word_1_289' title='bbox 701 4361 822 4435; x_wconf 77' lang='lat' dir='ltr'><strong>preeunt</strong></span> <span class='ocrx_word' id='word_1_290' title='bbox 843 4350 945 4415; x_wconf 82' lang='lat' dir='ltr'><strong>laxis.</strong></span> <span class='ocrx_word' id='word_1_291' title='bbox 991 4346 1175 4416; x_wconf 80' lang='lat' dir='ltr'><strong>Culleolum</strong></span> <span class='ocrx_word' id='word_1_292' title='bbox 1210 4347 1251 4415; x_wconf 84' lang='lat' dir='ltr'><strong>da</strong></span> <span class='ocrx_word' id='word_1_293' title='bbox 1280 4346 1353 4435; x_wconf 83' lang='lat' dir='ltr'><strong>ipso</strong></span> <span class='ocrx_word' id='word_1_294' title='bbox 1380 4345 1480 4415; x_wconf 83' lang='lat' dir='ltr'><strong>beato</strong></span> <span class='ocrx_word' id='word_1_295' title='bbox 1502 4352 1537 4414; x_wconf 75' lang='lat' dir='ltr'><strong>el</strong></span> <span class='ocrx_word' id='word_1_296' title='bbox 1558 4354 1652 4434; x_wconf 81' lang='lat' dir='ltr'><strong>post·</strong></span> 
     </span>
     <span class='ocr_line' id='line_1_37' title="bbox 467 4451 1308 4545; baseline 0.001 -23"><span class='ocrx_word' id='word_1_297' title='bbox 467 4455 599 4522; x_wconf 84' lang='lat' dir='ltr'><strong>modurn</strong></span> <span class='ocrx_word' id='word_1_298' title='bbox 621 4459 776 4540; x_wconf 87' lang='lat' dir='ltr'><strong>repetant</strong></span> <span class='ocrx_word' id='word_1_299' title='bbox 798 4451 1012 4541; x_wconf 86' lang='lat' dir='ltr'><strong>antiphonam</strong></span> <span class='ocrx_word' id='word_1_300' title='bbox 1035 4452 1077 4523; x_wconf 85' lang='lat' dir='ltr'><strong>de</strong></span> <span class='ocrx_word' id='word_1_301' title='bbox 1100 4454 1308 4545; x_wconf 75' lang='lat' dir='ltr'><strong>apostulia⁴l</strong></span> 
     </span>
    </p>
   </div>
   <div class='ocr_carea' id='block_1_3' title="bbox 558 4595 1381 4759">
    <p class='ocr_par' dir='ltr' id='par_1_5' title="bbox 558 4595 1381 4759">
     <span class='ocr_line' id='line_1_38' title="bbox 559 4595 1381 4670; baseline 0.005 -17"><span class='ocrx_word' id='word_1_302' title='bbox 559 4595 742 4670; x_wconf 82' lang='lat' dir='ltr'><strong>¹)1utextn:</strong></span> <span class='ocrx_word' id='word_1_303' title='bbox 762 4610 805 4653; x_wconf 82' lang='lat' dir='ltr'><strong>ex.</strong></span> <span class='ocrx_word' id='word_1_304' title='bbox 1109 4595 1132 4667; x_wconf 78' lang='lat' dir='ltr'><strong>&#39;l</strong></span> <span class='ocrx_word' id='word_1_305' title='bbox 1151 4597 1184 4655; x_wconf 89' lang='lat' dir='ltr'><strong>Iu</strong></span> <span class='ocrx_word' id='word_1_306' title='bbox 1201 4602 1294 4655; x_wconf 78' lang='lat' dir='ltr'><strong>textu:</strong></span> <span class='ocrx_word' id='word_1_307' title='bbox 1312 4596 1381 4657; x_wconf 83' lang='lat' dir='ltr'><strong>Pox.</strong></span> 
     </span>
     <span class='ocr_line' id='line_1_39' title="bbox 558 4684 1271 4759; baseline 0.003 -17"><span class='ocrx_word' id='word_1_308' title='bbox 558 4684 580 4755; x_wconf 77' lang='lat'><strong>¹)</strong></span> <span class='ocrx_word' id='word_1_309' title='bbox 597 4684 631 4742; x_wconf 88' lang='lat' dir='ltr'><strong>In</strong></span> <span class='ocrx_word' id='word_1_310' title='bbox 648 4691 742 4743; x_wconf 81' lang='lat' dir='ltr'><strong>textu:</strong></span> <span class='ocrx_word' id='word_1_311' title='bbox 760 4684 951 4756; x_wconf 61' lang='lat' dir='ltr'><strong>nonnum</strong></span> <span class='ocrx_word' id='word_1_312' title='bbox 1112 4685 1138 4759; x_wconf 82' lang='lat'><strong>⁴)</strong></span> <span class='ocrx_word' id='word_1_313' title='bbox 1155 4686 1271 4744; x_wconf 72' lang='lat' dir='ltr'><strong>Rasum</strong></span> 
     </span>
    </p>
   </div>
   <div class='ocr_carea' id='block_1_4' title="bbox 0 0 1900 5375">
    <p class='ocr_par' dir='ltr' id='par_1_6' title="bbox 0 0 1900 5375">
     <span class='ocr_line' id='line_1_40' title="bbox 0 0 1900 5375; baseline 0 0"><span class='ocrx_word' id='word_1_314' title='bbox 0 0 1900 5375; x_wconf 95' lang='lat' dir='ltr'><strong> </strong></span> 
     </span>
    </p>
   </div>
  </div>
 </body>
</html>
