3792 5375
293 1494 376 1584 ][In
400 1497 530 1563 nomine
554 1494 678 1561 Sancte
706 1495 753 1561 Et
776 1493 951 1561 Indiridue
979 1493 1162 1563 Trinitatis.
1210 1495 1323 1563 Putris
1337 1496 1386 1565 Iit
1403 1498 1481 1566 Filii

383 1603 428 1668 Et
452 1601 595 1688 Spiritus
618 1601 742 1671 Sancti.

293 1708 417 1795 Incipit
439 1709 604 1794 perdoctus
628 1730 706 1775 usus
730 1709 796 1774 sire
818 1706 900 1774 ordo
917 1706 960 1773 ud
977 1707 1161 1776 ornandum
1177 1709 1350 1777 ecclesiam
1366 1710 1481 1780 cstlm·

382 1816 478 1882 lieum
491 1838 620 1883 necnon
637 1815 680 1881 ad
697 1814 958 1882 conservandum
975 1815 1135 1900 regularis
1145 1817 1288 1883 tramitis
1298 1819 1481 1907 normsm]{

381 1923 413 1988 in
440 1922 596 1989 coenobio
613 1922 711 1988 beate
732 1921 841 1988 lliurie
862 1943 993 2008 semper
1017 1922 1150 2006 virginis
1164 1923 1198 1989 in
1215 1945 1295 2008 ogre
1312 1923 1482 1994 Acutisne

381 2037 555 2115 comptam.

291 2135 419 2236 Incipit·
437 2136 590 2223 prologus
613 2136 774 2233 regularis
798 2133 840 2201 dc
863 2134 949 2202 libro
973 2136 1124 2203 tramitis.

380 2243 409 2308 1.
434 2242 522 2309 Dum
552 2264 612 2328 per
643 2243 828 2308 universum
852 2242 988 2308 Italiam
1012 2241 1136 2309 Christi
1162 2252 1321 2330 precepta
1350 2244 1482 2313 anulle-

292 2360 405 2417 rentur
429 2360 461 2416 et
485 2350 572 2415 velut
602 2350 637 2414 in
661 2348 795 2416 fastidio
819 2356 1046 2433 versarentur,
1070 2348 1231 2417 diabolice
1254 2352 1481 2437 suggestiones

292 2466 450 2544 ceperunt
473 2457 681 2540 augmentari
706 2464 740 2522 et
762 2477 864 2542 opere
889 2456 1057 2541 compleri,
1081 2455 1129 2522 its
1151 2464 1189 2523 ut
1211 2457 1311 2524 etinm
1326 2458 1360 2524 iu
1375 2456 1481 2526 sscsis

291 2566 460 2631 constituti
484 2562 665 2646 ordinibus,
690 2563 775 2629 sicut
797 2584 868 2629 mos
883 2562 1044 2629 laicorum
1061 2570 1121 2645 cst,
1145 2585 1265 2630 uxores
1281 2564 1480 2652 acciperent,

291 2682 324 2740 et
363 2672 434 2738 sine
472 2670 583 2755 aliquo
612 2669 809 2736 difficultate
843 2669 986 2736 heresim
1025 2676 1217 2738 exercerent
1254 2671 1480 2740 simoniacum.

290 2779 429 2846 Celestis
446 2785 524 2844 tunc
539 2778 713 2843 clementia
728 2777 859 2843 fovente
878 2777 974 2861 regis,
998 2778 1054 2863 qui
1069 2777 1214 2863 pretioso
1229 2778 1307 2845 olim
1321 2777 1481 2847 mnndum

291 2908 349 2953 suo
373 2884 511 2951 redemit
542 2905 673 2966 cruore,
707 2885 883 2950 suscitatus
909 2882 1118 2969 estquidam
1148 2883 1265 2952 decore
1288 2883 1481 2972 splendidus

289 2991 481 3060 monachico
494 2991 699 3058 Romualdus
721 2991 862 3074 nomine,
886 2992 944 3076 qui
968 3013 1116 3058 nonnam
1131 2991 1261 3078 priscae
1278 2992 1429 3079 justitiae
1443 2994 1480 3063 in

289 3123 368 3167 sexu
398 3100 568 3164 renovarit
599 3105 738 3184 utroque
769 3105 804 3163 et
833 3096 960 3164 ordine.
1014 3096 1118 3183 Cujus
1151 3098 1302 3185 exempla
1329 3099 1480 3169 imitatus

288 3205 485 3273 uenerabilis
514 3204 615 3289 Hugo
652 3205 822 3271 renovarit
851 3205 962 3289 prisce
992 3211 1179 3273 sanctorum
1207 3212 1338 3290 petrum
1368 3208 1479 3276 eximii

289 3312 462 3380 Benedicti
493 3312 666 3378 clarissimi
691 3332 730 3377 nc
753 3310 912 3378 luculenti
935 3312 1042 3396 putris
1064 3312 1097 3377 in
1127 3311 1287 3379 coenobio
1315 3312 1435 3383 bcetse
1450 3313 1479 3405 ][

288 3420 413 3486 muriae
443 3441 572 3504 semper
601 3418 736 3504 virginis
766 3418 800 3483 in
827 3417 918 3498 loco,
950 3417 1006 3502 qui
1035 3417 1156 3484 dicitur
1185 3419 1389 3502 Acutisnus‚
1420 3420 1477 3489 ubi

288 3528 476 3595 destructus
500 3532 573 3593 erut
595 3526 693 3592 nimis
716 3526 823 3592 omnis
853 3523 935 3591 ordo
960 3532 994 3590 et
1017 3526 1209 3611 compositio
1231 3524 1477 3611 monachornm,

286 3635 413 3702 illorum
438 3632 522 3699 ulnis
544 3634 714 3718 imponens
738 3654 832 3699 usum
856 3630 1006 3699 Cluniaci
1029 3631 1176 3699 coenobii
1194 3633 1228 3699 in
1251 3630 1365 3701 Gnllis
1387 3633 1477 3701 cedi·

287 3742 376 3809 ficati
406 3762 446 3807 cc
475 3761 535 3826 pcr
563 3748 670 3807 totum
700 3738 814 3806 orbem
841 3746 963 3805 cuncta
991 3736 1079 3805 ultra
1111 3740 1312 3806 monesteris
1333 3740 1476 3826 regulari

286 3849 419 3916 tramite
446 3846 601 3933 pollentis
624 3847 697 3932 ipso
726 3855 880 3931 tempore.
929 3844 1111 3911 Insonnnte
1134 3846 1254 3914 etenim
1275 3845 1372 3933 longe
1393 3847 1476 3916 lete·

287 3979 351 4043 que
379 3954 468 4021 sums
490 3951 665 4039 praelibati
689 3952 853 4034 coenobii,
881 3972 1009 4018 necnon
1033 3959 1066 4018 et
1088 3951 1309 4038 predictorum
1331 3961 1475 4041 petrum,

286 4059 462 4130 Romualdi
486 4060 610 4126 scilicet
642 4067 677 4125 et
706 4058 817 4126 domni
840 4058 995 4144 Hugonis
1018 4057 1147 4126 obbatis
1170 4057 1410 4144 benignissimi,
1440 4061 1475 4129 lri

286 4171 426 4256 «lenique
449 4174 562 4254 patres
585 4166 686 4233 nimio
709 4166 780 4234 zelo
804 4166 971 4233 feruentes
1001 4171 1035 4231 et
1057 4165 1143 4233 inter
1166 4187 1201 4233 se
1224 4165 1475 4251 concordantes,

285 4278 424 4345 domnus
446 4272 653 4341 Romualdus
676 4274 709 4340 in
733 4272 917 4341 theoretico
939 4273 1131 4359 proeclums
1154 4270 1276 4340 effulsit
1296 4294 1425 4342 necnon
1440 4281 1476 4343 et

286 4388 318 4451 in
354 4381 582 4450 aedificatione
612 4380 790 4447 multorum
820 4379 1115 4463 monasteriorum
1145 4386 1243 4465 pater
1271 4401 1349 4448 rere
1371 4379 1474 4468 Hugo

286 4488 466 4578 sequipeda
488 4489 558 4574 ejus
587 4485 723 4554 effectus
746 4488 779 4553 in
812 4484 913 4571 reguli
942 4486 1113 4571 coenobio,
1140 4486 1174 4553 in
1203 4493 1331 4554 tentum
1362 4495 1400 4556 nt
1428 4487 1474 4556 sd

285 4597 471 4666 Galliarum
495 4593 604 4663 studia
627 4592 861 4663 venerabilium
878 4590 1111 4660 coenobiorum
1127 4591 1402 4679 Cluniscensium,
1416 4593 1474 4662 ubi

338 4704 519 4747 t'unsuetudtses
532 4703 682 4745 unanime.
1348 4701 1361 4754 1

1568 1518 1650 1560 iob&

1566 1839 1650 1881 torm
