3792 5375
848 567 1095 630 -154—

382 767 414 824 et
438 779 549 825 omnes
579 757 644 824 sint
673 758 866 841 discalciati,
876 759 900 842 ¹)
929 766 1062 844 praeter
1089 757 1162 825 illos
1186 758 1242 843 qui
1265 765 1403 844 propter
1426 754 1568 838 aegritu·

383 865 489 931 dinem
513 886 577 929 non
602 873 756 949 poterunt
780 866 925 951 implere,
950 872 1098 932 attamen
1122 887 1184 951 per
1205 864 1386 934 licentiam.

470 971 581 1054 Pueri,
597 972 653 1056 qui
669 993 733 1037 nou
751 971 871 1038 suerint
887 972 930 1037 ad
947 971 1119 1058 versuru,¹)
1143 973 1198 1058 qui
1215 980 1293 1037 ante
1309 970 1420 1038 eibum
1440 967 1569 1049 dicitur,

382 1078 459 1143 dum
482 1079 639 1159 venerint,
663 1087 740 1145 cant
763 1079 807 1145 ad
830 1079 904 1146 loca
927 1102 997 1159 sire,
1029 1087 1062 1146 ct
1086 1079 1130 1146 ibi
1154 1078 1278 1145 iaciant
1303 1085 1383 1144 ante
1407 1085 1441 1143 et
1463 1083 1569 1143 retro:

382 1185 538 1270 magister
561 1186 726 1251 venialia
751 1195 849 1252 antea
874 1194 907 1252 et
931 1187 1058 1273 signum
1082 1186 1196 1269 saciet,
1221 1193 1258 1251 nt
1282 1184 1404 1272 jubeat
1426 1185 1456 1250 ci
1480 1184 1571 1270 prior

382 1290 568 1357 comedere:
593 1291 723 1358 licentia
747 1302 881 1378 accepta
908 1293 998 1360 dicet
1021 1315 1149 1360 versum
1173 1300 1206 1358 et
1219 1289 1295 1359 'erit

471 1396 507 1465 Si
530 1420 612 1483 puer
634 1407 791 1482 gravatur
819 1421 936 1486 sopore
964 1400 1007 1466 ad
1038 1422 1120 1485 opus
1152 1398 1220 1479 dci,
1251 1421 1317 1466 non
1350 1395 1482 1484 quidem
1511 1418 1571 1483 per

246 1524 283 1563 sa
381 1503 443 1570 hoc
460 1505 487 1593 ][
504 1505 590 1572 omni
614 1504 696 1571 liora
711 1514 761 1573 est
777 1505 993 1592 vapulandus,
1019 1507 1165 1573 sedeam
1183 1504 1301 1572 viderit
1317 1527 1394 1573 curn
1413 1504 1571 1589 magister

382 1633 481 1697 saepe
511 1634 625 1678 somno
655 1614 785 1697 gravari
820 1613 877 1680 dct
911 1636 1010 1680 unum
1045 1613 1225 1698 quemlibet
1258 1611 1408 1680 libellum
1442 1612 1475 1676 in
1510 1631 1570 1677 sua

382 1718 516 1786 brachia
541 1720 801 1802 sustentandum,
826 1743 995 1807 quousque
1019 1719 1059 1786 de
1083 1722 1154 1807 ipsa
1179 1721 1312 1806 pigritia
1336 1742 1412 1786 eum
1438 1718 1568 1787 excitet.

471 1823 507 1892 Si
532 1827 604 1912 quis
627 1826 695 1892 rult
720 1849 812 1893 snam
836 1827 1010 1913 justitiam,
1042 1827 1217 1915 scyphum,
1249 1826 1405 1893 cutellum
1435 1824 1570 1892 abluere

382 1955 440 1998 seu
462 1953 590 2011 acuere,
614 1932 698 2000 hora
721 1957 786 2018 qua
810 1934 954 2020 loquitur
975 1936 1009 2001 iu
1033 1934 1189 2016 claustro,
1213 1932 1276 2001 hoc
1299 1932 1417 2013 saciat,
1442 1953 1518 1998 uam
1542 1932 1570 1997 si

382 2039 496 2106 lecerit
528 2040 614 2106 inter
642 2047 784 2125 sextam,
814 2041 1005 2128 prandium,
1036 2041 1086 2107 rcl
1115 2041 1204 2108 inter
1226 2063 1347 2107 nonam
1373 2046 1408 2106 et
1433 2060 1569 2106 caenam

382 2148 504 2231 poterit
526 2146 715 2230 quaerelam
739 2168 837 2233 agere
860 2149 1099 2231 incrastinum,
1123 2148 1181 2234 qui
1197 2147 1326 2217 viderit.
1363 2144 1448 2233 (Sed
1464 2145 1569 2212 dieet:

382 2250 460 2338 qnid
484 2252 527 2318 ad
551 2252 677 2339 me?)²)

471 2356 549 2427 Sine
571 2359 693 2427 lumine
717 2369 750 2427 et
773 2362 905 2428 incenso
928 2360 1017 2428 nullo
1041 2360 1137 2427 modo
1160 2360 1287 2428 leretur
1309 2382 1433 2446 corpus
1448 2357 1570 2425 domini

383 2467 414 2531 iu
439 2466 582 2551 aliquam
606 2475 743 2553 purtem.

471 2573 576 2656 Puer,
607 2574 663 2660 qui
686 2576 720 2640 in
743 2582 871 2642 aestate
903 2575 1076 2642 lectionem
1109 2576 1241 2642 brevem
1270 2574 1463 2640 memoriter
1491 2571 1570 2659 legit

382 2679 426 2746 ad
449 2687 636 2766 nocturnos,
664 2680 752 2748 dieto
782 2685 961 2751 litantem
984 2687 1130 2765 clnculum,
1162 2689 1240 2749 ante
1271 2689 1305 2748 ct
1335 2689 1427 2748 retro
1456 2677 1570 2749 saciat.

384 2787 490 2867 Alias,
514 2790 569 2874 qui
590 2790 688 2874 juxte
711 2812 784 2856 eum
808 2797 869 2870 eet,
894 2789 985 2857 dicet
1007 2790 1259 2877 responsorium.

472 2894 619 2962 Jurenes
634 2896 763 2978 t'mtres,
788 2898 844 2982 qui
867 2905 986 2963 exeunt
1009 2896 1050 2964 de
1073 2895 1173 2979 scola,
1197 2902 1274 2983 post
1289 2895 1460 2983 depositae
1475 2893 1570 2962 albae

384 3023 449 3066 nou
472 3010 684 3086 puresumaut
706 3002 814 3089 legere
837 3001 888 3069 rel
912 3011 1059 3086 cantare,
1083 3003 1144 3069 nisi
1169 3024 1209 3070 ex
1232 3011 1412 3089 praecepto
1428 3001 1570 3070 abbatis.

472 3107 594 3176 Frater
616 3110 649 3175 in
673 3132 732 3176 sae
756 3108 894 3190 cuculle,
924 3111 974 3176 rel
1005 3111 1039 3175 in
1061 3109 1129 3175 alia
1151 3116 1258 3190 reste,
1289 3131 1357 3196 quo
1387 3131 1488 3196 super
1516 3131 1571 3176 ou·

384 3214 503 3280 cullam
527 3215 682 3300 induitur,
706 3224 814 3301 lmtest
837 3224 965 3283 mutare
988 3238 1044 3283 sua
1070 3217 1276 3300 vestimento,
1300 3217 1514 3304 similiterque
1537 3218 1570 3282 in

384 3321 512 3387 cuculla
535 3332 569 3389 et
590 3322 753 3409 pellicula,
778 3324 811 3389 in
835 3323 905 3388 sola
929 3321 1059 3389 cuculle
1080 3345 1146 3390 non
1170 3322 1271 3391 debet
1293 3322 1416 3394 lacere.
1574 3317 1576 3322 ⁴

474 3427 615 3514 Quande
638 3423 741 3497 linter
759 3429 889 3515 juvenis
911 3429 991 3515 legit
1013 3429 1057 3496 ed
1080 3451 1237 3511 mensam,
1262 3430 1340 3496 dum
1363 3430 1485 3497 finierit
1506 3429 1569 3498 lee-

384 3535 504 3602 tioaem
529 3538 561 3602 in
584 3536 751 3604 cellarium
775 3545 839 3620 cet,
863 3546 897 3604 et
920 3540 964 3604 sit
986 3560 1060 3604 cum
1084 3538 1229 3605 silentio:
1263 3538 1291 3603 si
1316 3536 1358 3604 de
1381 3534 1569 3623 majoribus,

383 3642 427 3708 sit
449 3642 481 3708 in
505 3644 654 3729 coquina,
679 3644 728 3710 rel
753 3645 786 3711 in
802 3646 1038 3730 promptuario,
1062 3646 1088 3710 ei
1104 3644 1193 3711 velit.
1227 3646 1318 3712 Puer
1333 3666 1411 3711 nero
1433 3651 1570 3731 peracte

383 3748 523 3815 lectione
547 3749 665 3816 deiude
694 3752 878 3818 reverentie
906 3750 998 3817 iacta
1027 3757 1104 3818 ente
1127 3772 1274 3818 mensam
1303 3750 1348 3818 ibi
1377 3759 1570 3838 permaneat

384 3863 461 3922 ante
483 3857 621 3940 gnidum
645 3856 849 3943 usquedum
879 3858 935 3923 alii
963 3866 1110 3943 surgant,
1134 3865 1167 3924 et
1190 3866 1309 3944 pergat
1331 3880 1407 3925 cum
1429 3859 1510 3945 ipsis
1537 3860 1570 3925 in

384 3961 592 4030 aecclesiam:
627 3966 775 4031 oratione
808 3963 903 4031 linito
924 3971 981 4031 eat
1003 3987 1078 4031 cum
1100 3964 1166 4032 ulio
1190 3965 1335 4032 infantes
1358 3972 1394 4032 et
1415 3966 1571 4051 magister

384 4067 427 4135 nd
450 4067 623 4142 edendum.

473 4175 738 4244 Ebdomederius
767 4178 927 4263 coquinae
957 4185 1067 4264 potest
1095 4178 1283 4246 ministrare
1312 4199 1388 4244 cum
1418 4176 1570 4263 pelliculo

386 4281 457 4349 aine
479 4284 625 4363 numicis,
650 4283 700 4352 vel
722 4306 795 4371 curn
821 4285 967 4364 manicis,
991 4286 1019 4351 si
1042 4283 1183 4370 desuper
1205 4284 1351 4352 induerit
1373 4283 1509 4355 bracile.

474 4390 645 4457 Exeuntes
655 4390 747 4476 pueri
763 4390 805 4457 do
820 4390 974 4478 capitulo,
990 4390 1018 4457 si
1035 4390 1155 4458 fratres
1169 4390 1351 4477 loquuntur
1365 4391 1401 4457 in
1416 4389 1571 4475 claustro,

387 4494 454 4562 alte
477 4496 566 4563 dicet
588 4518 672 4564 unus
695 4520 734 4563 ex
758 4499 823 4582 cis,
854 4498 909 4583 qui
933 4497 1047 4584 junior
1069 4504 1136 4564 est:
1168 4499 1366 4568 Benedicitc.
1414 4496 1571 4564 Similiter

477 4599 632 4708 'lli-esan„

475 4724 499 4797 ⁸)
516 4726 608 4783 Vero·
625 4727 681 4784 ista
698 4735 795 4798 portes
811 4728 921 4801 adjectu
938 4735 1012 4786 snut.
