3792 5375
848 562 890 574 -
930 528 1003 592 152
1050 562 1095 576 -

472 721 593 788 Frater
614 728 752 788 cantans
775 743 868 787 suum
897 721 1157 806 responsorium,
1188 718 1281 788 finite
1306 742 1402 788 versu
1430 720 1564 788 inclinet

385 850 419 894 se
433 829 582 908 caeteris,
593 828 617 916 ¹)
641 827 769 909 iratres,
785 827 840 912 qui
864 827 897 893 in
913 827 1043 911 longum
1068 835 1145 893 sunt
1159 827 1315 907 ordinati,
1331 836 1409 894 ante
1425 835 1460 893 et
1474 834 1563 894 retro

385 933 517 1003 saciant.
563 935 663 1001 Pueri
687 955 762 1001 rere
786 935 819 1000 in
843 933 999 999 sedilibus
1022 934 1092 999 suis
1116 932 1239 1001 debent
1261 933 1419 1002 inclinare
1442 956 1478 1002 se
1505 955 1565 1020 per

385 1063 652 1127 unuruqueruque.
697 1039 838 1126 Quando
866 1061 944 1106 vero
973 1040 1035 1125 ipsi
1066 1040 1185 1107 dicturi
1215 1049 1293 1108 sunt
1322 1041 1563 1128 respunsoriunr

385 1169 512 1231 semper
534 1148 639 1231 girent
662 1170 756 1214 versu
772 1147 878 1231 dict03
902 1170 923 1214 a
938 1147 1075 1214 lectione
1092 1156 1203 1214 auteur
1220 1146 1377 1215 cundoet
1396 1146 1565 1215 redeundo

384 1275 510 1338 semper
533 1253 688 1321 inclinent
711 1276 746 1321 se
769 1254 921 1335 infantes,
945 1255 1045 1321 etiam
1068 1275 1181 1321 ornnes
1196 1254 1328 1339 iratres,
1351 1256 1492 1322 niaxime
1507 1254 1564 1337 illi,

385 1361 439 1443 qui
463 1382 561 1446 super
578 1360 700 1428 iuraras
723 1359 876 1427 sederint.
919 1360 977 1426 Ad
1001 1360 1155 1429 douruunr
1181 1360 1336 1428 abbatem
1359 1382 1472 1429 omnes
1495 1383 1564 1428 sur·

384 1474 465 1550 garrt
487 1466 528 1533 de
551 1467 710 1535 subselliis
733 1468 800 1534 suis
822 1466 987 1552 pergendo
1011 1474 1045 1534 et
1067 1465 1273 1537 reverando.

473 1572 615 1660 Quando
638 1574 741 1642 abbas
763 1574 843 1659 legit
866 1573 1069 1661 euangelium
1092 1574 1136 1641 ad
1159 1575 1341 1641 matutinas
1363 1573 1489 1655 laudes,
1513 1595 1565 1641 ar·

197 1715 233 1740 υ.
386 1681 506 1747 urar-ius
528 1702 588 1766 pru
612 1680 845 1748 consuetudine
869 1680 1049 1762 debetne,
1074 1687 1108 1747 et
1131 1679 1358 1770 praepara][re
1381 1681 1411 1748 ei
1428 1703 1565 1767 evange·

385 1787 472 1869 liurn,
496 1794 530 1854 et
551 1789 730 1855 orationem
755 1796 789 1854 et
812 1789 905 1873 signa
934 1789 1074 1857 mittere.
1121 1786 1209 1853 Duru
1240 1791 1284 1856 Te
1305 1793 1402 1856 ileum
1432 1787 1566 1856 inchoa·

385 1895 482 1977 verit,
514 1895 542 1961 si
570 1894 823 1962 ebdomadarius
845 1896 952 1979 ipsum
981 1894 1114 1979 legerit,
1145 1917 1205 1980 pru
1236 1893 1472 1962 cousuetudine
1501 1917 1566 1963 uon

385 2001 455 2070 ibit.
507 2000 573 2069 Sed
604 2003 657 2069 die
685 2004 864 2088 praeterito
895 2002 1057 2070 auscultet
1086 2003 1156 2088 ipse
1187 2002 1291 2069 irater
1320 2024 1394 2070 cunr
1424 2004 1567 2071 armano

386 2109 539 2196 quicquid
563 2109 594 2176 ei
616 2131 698 2195 opius
721 2108 829 2177 suerit

475 2216 510 2283 Si
534 2216 598 2284 duo
622 2216 741 2284 fratres
764 2215 946 2283 induuntur
968 2215 1011 2281 ad
1034 2214 1181 2282 turibula
1204 2214 1342 2284 serenda
1362 2237 1422 2301 per
1436 2215 1566 2299 altaria,

386 2325 424 2403 is,
447 2323 502 2409 qui
526 2330 576 2391 est
598 2322 858 2404 ebdomadarius,
881 2330 937 2390 eat
958 2323 990 2389 in
1013 2329 1123 2393 antea

474 2430 611 2497 Fratres
634 2440 790 2499 exeuntes
807 2429 848 2498 de
865 2430 1005 2516 coquina
1020 2429 1089 2497 alia
1104 2428 1290 2498 ebdomada
1304 2428 1416 2497 lavent
1431 2428 1567 2510 iontem,

387 2536 442 2604 ubi
458 2537 578 2605 iratres
592 2536 736 2605 nitidant
758 2560 873 2605 uranus
896 2558 975 2604 suas
997 2544 1097 2625 atque
1113 2535 1225 2606 iacies.
1235 2536 1261 2624 ²)
1293 2537 1342 2604 Et
1355 2535 1488 2624 quando
1503 2535 1568 2603 sra-

387 2651 454 2714 tres
469 2666 504 2713 se
519 2645 659 2714 tundunt
675 2653 775 2731 atque
791 2644 913 2712 radunt
927 2645 992 2732 ipsi
1005 2644 1203 2712 calefaciant
1219 2665 1341 2732 aquam
1357 2650 1391 2711 et
1406 2642 1568 2714 delerant.

475 2753 586 2835 Pueri,
610 2753 741 2839 quaudo
761 2754 922 2820 armarius
938 2753 1104 2821 obscultet
1119 2752 1277 2819 lectiones
1292 2751 1345 2819 rel
1363 2752 1570 2838 responsoria

388 2881 455 2942 sua,
479 2867 567 2927 stent
589 2882 717 2946 semper
740 2861 838 2926 erecti
854 2868 933 2928 ante
948 2883 1022 2927 eum
1037 2882 1161 2940 omncs,
1186 2858 1385 2946 usquedum
1403 2857 1569 2942 finiantur,

388 2988 409 3033 a
431 2968 563 3034 irrinimu
586 2989 689 3053 usque
712 2966 755 3033 ad
779 2969 965 3035 irraximuur.
996 2967 1162 3034 Euntibus
1176 2965 1337 3034 fratribus
1352 2966 1396 3033 ad
1413 2966 1572 3034 stationes

388 3095 447 3158 per
469 3073 589 3140 altaria
611 3073 741 3140 dicatur
762 3076 868 3142 oratio
891 3074 988 3161 plane
1011 3082 1045 3140 et
1068 3095 1135 3141 non
1157 3074 1191 3139 in
1215 3071 1294 3155 alto,
1321 3074 1385 3140 nisi
1408 3073 1493 3142 ferte
1515 3095 1569 3142 oc·

389 3180 526 3247 currerit
548 3180 707 3248 festivitas
731 3181 868 3267 alicujus
892 3182 997 3248 sancti
1020 3179 1108 3247 unde
1124 3179 1167 3246 sit
1182 3179 1228 3246 ibi
1243 3179 1367 3263 altare;
1390 3180 1570 3266 proeeden·

390 3293 439 3353 les
461 3287 538 3354 illuc
553 3286 686 3354 dicatur
697 3309 810 3355 versus
825 3288 867 3355 dc
882 3294 998 3356 saneto
1014 3294 1048 3354 et
1064 3292 1227 3355 luminas
1243 3289 1421 3355 vobiscum.
1452 3285 1570 3356 Oratio

389 3393 456 3461 alte
477 3393 510 3460 in
534 3401 623 3463 tenu

477 3500 667 3588 haerena,
691 3502 747 3587 qui
770 3501 914 3568 lecturus
937 3502 1055 3568 estad
1079 3522 1224 3568 inensam
1249 3499 1433 3569 dicentibus
1460 3499 1571 3569 iratri-

390 3606 450 3674 bus
473 3629 599 3676 versum
623 3615 700 3676 ante
722 3608 830 3676 cibum
858 3615 892 3675 et
920 3608 1109 3688 crantibus,
1139 3608 1210 3693 ipse
1239 3616 1305 3675 stet
1334 3606 1367 3674 iu
1396 3606 1470 3675 lece
1499 3628 1571 3689 suo,

392 3712 439 3781 vel
462 3715 496 3782 in
519 3715 676 3801 superiori
698 3721 836 3783 erectus.

478 3821 626 3906 Fratres,
635 3821 662 3907 ⁸)
684 3823 741 3908 qui
764 3822 798 3889 in
822 3821 918 3889 doure
941 3820 1141 3889 infirmorum
1160 3829 1248 3903 sunt,
1280 3821 1571 3908 quotienscumque

392 3949 425 3993 se
448 3928 570 3996 radunt
593 3929 721 4007 iratres,
750 3929 813 4014 ipsi
839 3928 964 3996 saciant
990 3950 1056 3996 uno
1083 3929 1136 3997 die
1164 3938 1277 4010 autea,
1301 3928 1400 4014 uisi‘)
1426 3930 1573 3997 exiturus

392 4023 561 4103 cum‘aliis
583 4036 694 4105 iaciat

480 4142 601 4209 Nullus
622 4142 715 4211 bibat
738 4144 771 4210 in
794 4141 967 4210 refectorio
989 4143 1108 4211 sedens
1125 4143 1160 4212 in
1176 4142 1328 4211 sedilium
1344 4140 1572 4229 suppedaneis,

393 4255 451 4315 aut
473 4271 644 4334 puerorum
669 4251 804 4334 truncis,
834 4249 892 4317 sed
916 4249 1129 4318 adurensem
1152 4248 1292 4317 sedeant
1314 4248 1371 4317 ubi
1394 4246 1572 4335 prendunt.

483 4381 555 4494 ¹)-ln
574 4380 652 4484 uxta
669 4428 788 4500 legirun
808 4428 953 4495 ‚metent

482 4514 505 4583 ³)
525 4515 639 4572 Rasum

482 4602 506 4671 ⁸)
524 4604 557 4661 lu
574 4611 653 4661 textu
670 4604 789 4677 legitur:
808 4603 949 4675 „hatest

482 4695 506 4755 ‘l
523 4692 558 4750 lu
576 4699 671 4751 rein:
690 4693 758 4764 „stt
