3792 5375
871 498 1116 561 -144-

398 690 573 756 revertitur
595 687 636 755 de
658 688 785 769 itinere,
810 690 951 774 accipiet
974 688 1247 757 benedictionem.
1294 687 1331 757 si
1355 689 1468 756 stetim
1491 689 1592 758 debet

398 817 535 883 pergere
558 795 698 879 accipiet
723 794 982 862 benedictionem
1008 795 1219 863 ambulandiz
1244 797 1272 863 si
1287 804 1406 883 posteo
1422 796 1591 882 steterim)

398 903 441 968 ad
471 925 569 967 unum
599 900 711 967 boram
737 901 787 968 rel
810 901 909 983 eluas,
941 901 1082 989 accipiat
1105 902 1369 970 benedictionem
1393 902 1590 974 revertendi.

397 1008 546 1094 Itemque
585 1009 612 1074 si
649 1007 754 1074 frater
792 1010 878 1075 venit
916 1008 958 1074 de
996 1011 1114 1077 itinere
1149 1010 1292 1095 accipiet
1325 1008 1590 1078 benedictionem

396 1114 568 1182 redeundi:
586 1115 613 1180 si
630 1116 743 1181 statim
759 1116 940 1201 perrexerit
956 1114 1088 1200 alieubi,
1106 1124 1139 1183 et
1151 1138 1252 1184 ernam
1263 1125 1396 1184 noctem
1407 1116 1588 1197 dormierit,

394 1224 428 1288 iu
459 1221 603 1288 erastino
632 1243 698 1288 uon
722 1222 866 1308 occipiat
888 1220 1151 1290 benedictionem
1175 1222 1348 1293 redeundi.
1395 1222 1437 1289 In
1460 1223 1589 1307 itinere,

395 1330 422 1395 si
446 1336 586 1414 pergunt
609 1328 675 1396 due
699 1328 857 1409 comersi,
887 1337 921 1417 et
944 1351 1029 1396 unus
1053 1330 1220 1414 sacerdos,
1244 1330 1301 1416 qui
1318 1330 1435 1416 junior
1455 1329 1588 1397 illorum

394 1438 446 1514 sit,
465 1436 659 1521 ubicumque
675 1434 831 1515 sederint,
850 1435 1123 1525 debetsacerdos
1139 1435 1255 1504 sedere
1270 1437 1305 1504 in
1320 1435 1431 1504 medio
1445 1435 1588 1506 illorum.

394 1540 536 1627 erando
560 1563 636 1609 sero
659 1542 841 1628 perrexerit
863 1563 947 1609 unus
971 1565 1011 1609 ex
1035 1543 1082 1610 eis
1102 1543 1134 1632 ][
1151 1566 1225 1611 cum
1250 1541 1436 1625 sacerdote,
1459 1563 1589 1629 semper

393 1649 491 1715 debet
522 1647 675 1715 sacerdos
699 1649 814 1717 sedere
837 1670 937 1735 super
958 1649 1067 1734 illum,
1097 1652 1198 1718 etiam
1221 1650 1313 1736 loqui
1335 1671 1403 1718 nou
1426 1649 1589 1718 condecet

392 1754 499 1839 illum,
530 1756 591 1821 nisi
620 1777 679 1841 per
709 1756 780 1842 ejus
809 1756 989 1826 licentiam.
1036 1756 1078 1824 Iu
1109 1755 1307 1825 revertendo
1337 1756 1367 1823 si
1395 1755 1587 1851 fuerintad

392 1871 459 1928 tres
474 1861 585 1944 boras,
601 1862 645 1929 ad
661 1862 908 1949 completorium
925 1863 1017 1930 diest
1032 1886 1134 1952 super
1148 1886 1217 1949 eos,
1240 1867 1447 1933 „tliscreatur
1463 1867 1586 1933 vestri:

392 1967 435 2035 od
460 1968 614 2036 donunum
638 1968 792 2036 abbatem
815 1992 978 2058 nusquam
1001 1969 1142 2041 dicetur.

391 2189 484 2264 Item
514 2152 559 2263 de
586 2186 677 2287 ipsis
706 2188 881 2263 iratribus
909 2189 1115 2264 constitutis
1142 2190 1181 2264 in
1209 2187 1403 2304 itineribus
1428 2187 1586 2287 qualiter

834 2312 945 2388 horos
972 2313 1140 2395 reddent

482 2470 562 2540 tn.
592 2470 730 2537 Fratres
745 2470 780 2537 in
796 2471 913 2538 itinere
929 2469 1056 2554 directi,
1072 2492 1147 2537 eum
1164 2469 1306 2537 viderint
1321 2470 1425 2539 borae
1441 2476 1582 2557 tempus,

391 2579 418 2645 si
435 2587 533 2664 aptus
556 2577 648 2645 locus
664 2586 714 2645 est
731 2576 788 2662 ibi,
807 2577 862 2644 ubi
878 2578 994 2646 directi
1010 2585 1100 2645 stant
1116 2576 1169 2645 rel
1184 2576 1428 2665 perambulent,
1444 2574 1584 2644 flectunt
1610 2579 1616 2593 '

389 2708 497 2772 genoe
526 2684 762 2754 descendentes
793 2684 834 2754 de
856 2685 961 2772 equis.
1008 2684 1044 2755 Si
1067 2685 1198 2755 fuciunt
1220 2684 1263 2753 de
1286 2683 1452 2754 coenobiis
1474 2705 1584 2771 genus

390 2814 490 2880 super
518 2791 656 2874 formes,
687 2801 721 2860 et
750 2793 813 2879 ipsi
843 2779 968 2860 sacient
998 2792 1054 2862 ubi
1077 2793 1213 2882 degunt.
1260 2792 1424 2875 Peracta,
1454 2792 1582 2878 signum

389 2908 525 2967 sanctae
547 2901 655 2967 crucis
676 2900 865 2986 imprimant
886 2901 921 2968 iu
943 2900 1107 2969 frontibus
1130 2903 1211 2984 suis,
1234 2909 1269 2968 et
1290 2921 1358 2968 nou
1380 2900 1499 2985 gireut,
1523 2899 1583 2968 sed

390 3015 519 3074 tantum
533 3015 650 3093 petant
664 3008 804 3088 reniam,
827 3016 860 3074 et
874 3007 1035 3093 incipiant
1049 3007 1166 3076 boram
1182 3008 1403 3075 ascendentes
1418 3006 1453 3073 iu
1467 3027 1582 3093 equos,

388 3121 562 3200 pergentes
585 3113 755 3181 ethoram
779 3113 1005 3183 decantantes.
1051 3114 1197 3183 Wsntos
1219 3113 1342 3181 tollent
1363 3112 1406 3181 de
1429 3112 1582 3182 membro

389 3223 456 3288 suis
479 3243 582 3308 nsque
604 3221 682 3288 dum
704 3220 837 3288 finietur
851 3219 996 3288 divinum
1011 3220 1167 3291 efficium.
1201 3219 1240 3289 Si
1255 3219 1386 3308 sliquos
1402 3220 1582 3290 necessitas

388 3328 542 3411 erexerit,
567 3336 605 3395 ut
627 3327 752 3414 aliquid
775 3328 938 3416 loquatur,
962 3326 1119 3415 psalmos,
1142 3327 1328 3396 orationem
1351 3325 1395 3393 de
1409 3327 1483 3413 ipss
1496 3328 1582 3396 bore

387 3436 505 3502 iterum
539 3457 561 3502 s
594 3436 703 3521 eapite
741 3436 982 3503 reinchoeutur.
1034 3434 1230 3503 Redeuntes
1261 3441 1390 3502 sonmo
1423 3432 1469 3500 od
1502 3455 1581 3504 suos

387 3541 527 3610 lectulos
550 3541 668 3627 singuli
690 3550 828 3628 possunt
850 3540 982 3609 habere.
1015 3541 1056 3608 Iu
1074 3541 1215 3611 basssics
1241 3542 1276 3609 iu
1299 3539 1424 3629 cryptis
1446 3541 1581 3626 quando

387 3648 546 3716 redeundi
570 3658 646 3716 suot
669 3650 852 3716 orationem
876 3647 1003 3716 sociant
1026 3650 1199 3737 prostrati,
1230 3650 1332 3717 etiarn
1355 3648 1382 3715 si
1407 3646 1579 3716 duodecim

387 3753 543 3823 lectiones
565 3763 653 3823 suut.

751 3900 808 3978 De
835 3925 949 4002 opere
976 3896 1198 3985 manuum')

459 4056 578 4126 ‚VIIL
602 4056 745 4145 Quando
768 4058 887 4126 frstres
910 4059 990 4125 ituri
1011 4064 1089 4126 sunt

386 4164 429 4232 ad
459 4185 560 4249 opera
589 4187 763 4248 munuum,
798 4185 883 4246 mox,
915 4173 954 4232 ut
988 4165 1096 4250 prims
1117 4163 1217 4231 tuerit
1251 4162 1358 4250 finite,
1382 4163 1579 4232 inchoentur

386 4270 573 4340 laetaniam.
602 4270 686 4338 Post
701 4272 879 4358 capitulum
896 4278 1007 4338 autem
1023 4271 1100 4338 ilico
1115 4279 1153 4339 ut
1165 4272 1369 4339 surrexerint
1384 4277 1418 4338 et
1429 4268 1578 4338 tabum

386 4378 575 4460 insonuerit,
592 4380 703 4445 stetim
720 4378 896 4465 incipietur
913 4379 947 4445 in
963 4379 1078 4465 primis
1092 4377 1213 4465 psalmi
1232 4377 1405 4445 familiaris
1423 4398 1442 4444 e
1457 4376 1577 4464 prim,

386 4492 419 4550 et
442 4492 519 4551 esut
542 4492 717 4552 cantantes
738 4485 864 4571 pariter
878 4506 1003 4565 omnes,
1027 4491 1065 4551 ut
1079 4483 1190 4551 nullus
1206 4484 1250 4552 sit
1264 4489 1452 4565 excusatus,
1475 4482 1576 4550 etiem

479 4611 599 4621 ‚ont-

477 4662 498 4728 ¹)
517 4661 631 4718 noun
794 4661 817 4730 ¹)
836 4661 945 4719 videsis
964 4660 1011 4718 lib.
1029 4661 1053 4731 1,
1070 4678 1094 4718 c.
1113 4661 1224 4719 extu
