3792 5375
957 468 1179 532 ..se-

482 659 525 725 Si
542 660 663 745 ‹lr'lcjgris
685 684 745 740 rac,
774 665 843 725 tres
864 658 915 725 sel
938 667 1098 745 quattuor
1121 660 1239 727 iratres
1262 667 1341 726 aute
1365 657 1472 726 altare
1494 661 1660 726 resonent.

483 762 636 847 l'nmum,
660 768 831 852 Fdirpcr
844 790 953 832 cmms
975 765 1202 834 tantummodo
1221 767 1256 834 iu
1272 766 1336 833 hac
1351 765 1498 852 synaxim
1515 769 1659 832 mutent.
1719 810 1723 816 -

481 869 555 936 Duo
588 870 776 937 sacerdotes
809 870 988 938 induantur
1022 873 1137 958 cappis
1166 872 1209 940 ad
1241 871 1453 939 deserendum
1481 872 1659 939 incensum.

480 976 691 1061 Antiphone,
721 981 768 1044 Ta
789 1002 824 1045 cs
839 994 976 1065 passm,
1007 981 1041 1045 et
1063 979 1272 1065 postmodum
1296 979 1379 1045 haec
1402 977 1660 1064 niumphalitur,

480 1083 541 1149 lroc
564 1091 614 1150 est
637 1083 863 1170 triplicabitur.
899 1084 1052 1166 Oceanus,
1075 1089 1176 1168 Dens,
1202 1089 1262 1175 qui
1282 1089 1478 1154 aecclesiam
1498 1100 1600 1168 tuccia,
1625 1089 1660 1150 et

478 1197 628 1277 repetant
654 1191 866 1275 antiphonam
889 1190 931 1258 de
954 1198 1070 1258 sancto
1097 1213 1311 1277 praecursore
1334 1213 1406 1258 cum
1430 1190 1559 1262 Gloria.
1600 1188 1659 1257 Ad

478 1297 723 1383 completorium
745 1296 830 1363 hunc
853 1319 981 1365 versum
1005 1299 1156 1384 incipiat,
1188 1301 1248 1366 Vos
1270 1301 1376 1366 seculi
1385 1303 1485 1387 justi,
1509 1298 1658 1383 quitum

477 1403 553 1469 hnic
580 1403 700 1488 laurae,
737 1425 835 1489 quam
865 1412 897 1471 et
927 1428 987 1491 per
1014 1404 1097 1471 alias
1121 1427 1223 1492 usque
1248 1405 1292 1471 ad
1316 1404 1462 1490 ejusdem
1485 1403 1683 1484 beatorum

235 1587 242 1600 Ι
400 1590 405 1598 .
477 1519 612 1577 mtaras
645 1510 783 1578 dicatur.
840 1512 932 1578 Ante
971 1511 1166 1580 nocturnale
1202 1512 1395 1598 obsequium
1434 1511 1659 1579 accendantur

233 1588 449 1710 ,Jfflffl'
476 1638 589 1684 cuanes
612 1639 762 1685 corr-nae.
806 1618 897 1684 Ante
919 1617 1025 1685 altare
1049 1628 1117 1686 tres
1140 1617 1299 1687 candelae
1323 1625 1533 1704 coaptentur,
1567 1623 1660 1686 retro

235 1731 449 1783 aasumensi
477 1745 543 1791 una
566 1730 706 1791 tantum.
742 1723 845 1810 Signa
868 1727 978 1790 omnia
1002 1726 1096 1791 siruul
1120 1724 1300 1811 pulsentur,
1325 1723 1541 1812 quoadusque
1564 1723 1658 1811 pueri

232 1806 449 1930 {23:⁸12ss
476 1829 620 1898 ueniant.
682 1831 907 1898 Insitatorinm
949 1840 1109 1918 quattuor
1147 1833 1258 1900 arriicti
1304 1832 1419 1918 cappis
1465 1830 1656 1914 decantent,

249 1950 310 1988 nium
337 1948 429 2000 quiem
479 1939 648 2006 Christum
671 1961 783 2024 regent
805 1962 925 2026 ragam
946 1941 1142 2021 acurcnms,
1172 1937 1240 2022 rel,
1270 1941 1300 2006 Τ
1297 1963 1317 2005 u
1340 1962 1375 2006 es
1391 1951 1512 2026 pastor
1533 1943 1655 2007 miratu.
1678 1937 1683 1946 ’

232 2022 448 2135 “mmm
477 2043 623 2127 Ymuns,
661 2041 798 2113 Excitet
818 2049 933 2115 eclam.
978 2045 1156 2113 Lectiones
1192 2051 1268 2113 octo
1305 2066 1345 2112 ex
1379 2065 1530 2113 securene
1566 2044 1657 2113 beati

232 2183 261 2222 cc
282 2148 448 2228 «ammai.
474 2150 579 2219 leonis
601 2173 724 2238 papae,
753 2153 907 2219 (dianium
930 2157 1062 2239 peciitm
1088 2155 1285 2220 Sanctorum
1308 2155 1583 2239 sollempnitatem
1607 2155 1656 2220 di-

231 2253 318 2349 m]
338 2257 379 2297 ω*
404 2257 446 2342 Ψ*
474 2262 701 2338 lectissimi-(⁸⁹
733 2259 831 2325 tertia
854 2259 965 2345 vigilia
987 2257 1131 2326 homelia
1152 2257 1242 2326 beati
1257 2258 1449 2345 hieronymi,
1473 2262 1656 2348 Phylippus

230 2326 446 2439 e‘mallim'
474 2369 537 2433 isa·
551 2380 602 2433 cst
616 2370 737 2451 stater
750 2370 894 2444 larmiis,
918 2370 961 2434 cie
973 2391 1036 2453 pao
1050 2382 1155 2454 snpra
1171 2365 1374 2447 dixiums,(¹’)
1396 2372 1464 2434 tres
1487 2365 1655 2446 lectiones,

232 2491 247 2519 ‹-
270 2487 447 2530 cnaxme.
475 2469 666 2539 duodecima
683 2471 772 2539 dicta
786 2474 893 2539 sancti
906 2472 1025 2560 lrplarii
1041 2473 1195 2559 episcopi,
1220 2475 1261 2540 In
1269 2488 1429 2561 processu
1443 2476 1616 2542 emicranii.
1623 2474 1655 2527 “l

474 2578 531 2645 Ad
547 2580 679 2645 tertiam
694 2586 804 2646 autem
820 2579 994 2646 lectionem
1009 2580 1051 2646 sit
1067 2580 1221 2648 sacerdos
1236 2580 1270 2647 in
1287 2601 1404 2666 cappa,
1427 2579 1484 2667 qni
1505 2579 1655 2649 incenset

474 2685 581 2754 altare
604 2685 708 2773 majus
731 2697 858 2754 tantum
880 2696 914 2754 et
935 2686 1084 2758 chonam.
1131 2687 1354 2774 Responsou'a
1376 2686 1442 2755 duo
1464 2695 1499 2756 et
1521 2687 1655 2758 duode-

474 2800 608 2860 cantent
630 2794 764 2879 liariter,
786 2794 830 2861 ad
852 2793 1005 2863 Gloriam
1026 2816 1105 2862 sero
1128 2795 1326 2883 adjiciantur
1349 2795 1509 2882 pluriores
1529 2804 1653 2883 etpost

472 2898 588 2967 Gloria
619 2901 834 2986 recapitulent
861 2923 884 2968 a
904 2903 1014 2988 capite
1036 2911 1185 2969 occasum
1210 2910 1245 2969 et
1267 2902 1450 2971 duodecim.
1495 2902 1553 2970 Ad
1576 2925 1654 2971 can·

474 3007 540 3073 tica
563 3017 745 3092 augeantur
766 3016 845 3074 ante
866 3030 958 3075 aram
981 3006 1156 3075 ulmam
1180 3011 1266 3076 cerei
1289 3007 1397 3093 simul,
1421 3016 1510 3078 retro
1527 3009 1563 3076 in
1578 3033 1652 3097 per·

473 3114 570 3180 ticam
595 3114 706 3184 xvc,
749 3114 831 3181 Post
853 3115 1071 3201 expletionem
1094 3115 1269 3183 lectionum
1294 3115 1515 3201 evangelium,
1559 3121 1653 3188 linit

227 3238 249 3277 e·
265 3237 445 3281 mansura
473 3221 629 3298 nausea>
679 3220 825 3289 Collecm
863 3222 907 3287 ad
946 3224 1128 3289 matutinas
1163 3222 1322 3312 laude(s).
1383 3219 1651 3308 Responsorium,

474 3330 703 3416 Qirmimnpac.
733 3327 935 3407 Versiculos,
959 3333 1006 3398 m
1025 3354 1090 3416 agro
1111 3333 1195 3399 dico.
1231 3328 1370 3410 Yrunus,
1393 3334 1428 3395 et
1443 3329 1652 3416 postmodum

470 3442 546 3520 post
585 3435 703 3502 dictam
738 3437 919 3503 oracionem
958 3443 1111 3524 repetant
1149 3434 1364 3522 autiphonam
1402 3456 1443 3503 ex
1477 3457 1651 3521 praecone.

289 3561 330 3600 ca.
344 3560 384 3600 sc«
472 3542 562 3609 Ante
583 3543 757 3630 primumn
771 3549 937 3628 lunantur
958 3554 1027 3610 tres
1050 3543 1172 3610 calices
1201 3542 1293 3610 aurei
1321 3548 1356 3609 et
1377 3543 1472 3629 signa
1493 3548 1653 3629 quattuor

470 3648 593 3734 regalia
624 3648 843 3735 adjungentes
863 3649 931 3717 duc
953 3648 1152 3717 candelabra
1179 3670 1298 3730 aurea,
1337 3670 1422 3736 quae
1447 3650 1571 3735 jugiter
1597 3670 1651 3715 ar·

470 3754 571 3823 deant
594 3776 697 3842 nsque
718 3756 763 3822 ad
784 3756 1002 3842 expletionem
1025 3756 1236 3842 completorii.
1284 3754 1325 3822 In
1356 3755 1446 3823 lionis
1475 3761 1571 3823 terna
1598 3755 1650 3822 ln·

471 3863 558 3929 narina
580 3863 772 3929 accendant
818 3863 923 3929 Missa
947 3862 1151 3930 umtntinalis
1179 3862 1245 3929 alia
1274 3884 1340 3929 nou
1363 3862 1473 3948 agitur
1494 3862 1558 3929 nisi
1579 3860 1651 3944 illa,

470 3991 568 4053 quam
599 3968 786 4036 sacerdotes
816 3969 937 4054 ppulo
965 3968 1144 4036 decantent
1165 3991 1226 4055 per
1247 3967 1377 4040 altaria
1424 3967 1493 4036 Sed
1514 3990 1591 4036 mox
1613 3975 1652 4037 ut

469 4076 608 4141 exieriat
639 4076 683 4142 de
715 4076 857 4162 capitulo
890 4082 983 4144 sonet
1019 4075 1141 4162 squilla
1170 4083 1283 4143 custos
1310 4074 1500 4146 aecclesiae.
1546 4074 1649 4143 Pueri

469 4192 599 4265 creant,
620 4181 729 4249 lacent
753 4203 868 4249 manus
884 4191 984 4269 atque
999 4183 1033 4249 in
1048 4183 1241 4249 aecclesiam
1258 4188 1406 4268 pergant.
1442 4179 1527 4250 Tum
1543 4203 1649 4250 secre·

469 4288 572 4353 tauns
588 4287 697 4355 denuo
710 4289 814 4377 pulset
830 4291 969 4376 signum,
992 4310 1163 4376 quomque
1178 4289 1312 4356 cendant
1328 4288 1437 4356 iacere
1452 4289 1649 4369 orationem,

468 4415 533 4479 qua
558 4393 659 4476 iacta,
682 4395 859 4462 induantur
880 4417 994 4463 omnes
1016 4405 1086 4462 tam
1109 4396 1260 4479 uainores,
1284 4416 1383 4482 quum
1398 4394 1541 4480 ruajures
1552 4394 1648 4463 albis.

470 4499 599 4567 Deinde
621 4510 715 4568 sonet
737 4502 864 4587 signum
887 4511 920 4570 et
943 4511 1045 4587 agant
1068 4504 1211 4571 tertiam.
1246 4500 1341 4569 'lunc
1364 4500 1528 4587 accipiant
1550 4522 1648 4570 orna·

469 4618 580 4674 menta
625 4609 899 4693 processionaria,
944 4609 1219 4695 quemadmodum
1259 4607 1312 4676 dic
1349 4606 1472 4675 nemis
1512 4607 1650 4690 domiti,
