3792 5375
905 459 1127 522 ..32-

426 649 572 735 provisor
586 649 717 735 hospitii
734 648 818 728 ilico,
842 658 877 715 nt
900 648 1056 715 sacerdos
1074 654 1310 718 Benedicamns
1332 654 1461 717 dereeeuo
1476 650 1607 734 dixerit,

427 756 572 822 tabulam
594 757 757 842 percutiat
783 764 816 822 et
838 764 926 830 eant,
951 765 988 821 ut
1008 755 1139 842 expleta
1161 756 1310 822 oratione
1333 755 1445 836 inerit,⁴
1466 755 1525 838 illi,
1548 757 1607 842 qui

255 884 328 922 ‚w
425 863 458 927 in
485 864 557 948 ipsa
580 863 698 929 iratres
727 871 803 929 sunt
826 862 1022 947 conscripti,
1046 861 1298 948 tantumllmodo
1329 869 1395 928 tres
1414 863 1606 947 incipientes

424 969 583 1055 psalmum
607 972 771 1037 ,lliserere
793 975 858 1036 mei
879 973 975 1048 deus,
1000 975 1033 1034 et
1062 991 1122 1054 per
1151 968 1234 1035 alios
1257 968 1372 1035 diatim
1402 991 1442 1035 ea
1466 969 1606 1055 deniqne

424 1075 546 1141 iaciant
569 1075 755 1160 conscripti.
802 1074 885 1141 Post
909 1096 1091 1161 vesperam,
1115 1073 1247 1160 quando
1271 1073 1390 1141 iratres
1420 1076 1498 1141 ituri
1526 1083 1606 1142 sunt

423 1182 465 1247 ad
481 1181 657 1248 bibendum
680 1182 776 1247 sicuti
793 1190 892 1247 annea
915 1181 1066 1248 iecerunt
1088 1181 1131 1248 ad
1147 1181 1358 1247 relectionem
1380 1182 1429 1248 ita
1443 1190 1605 1268 peragant

423 1288 518 1355 modo
547 1288 699 1357 inientes,
746 1286 820 1374 ero
853 1295 988 1373 patrato
1019 1289 1214 1355 conueniant
1247 1288 1311 1373 ipsi
1345 1296 1422 1355 ante
1456 1309 1604 1355 mensam

422 1394 551 1461 abbatis
574 1402 606 1461 et
620 1394 762 1461 hictibus
778 1396 999 1479 percutientes
1016 1394 1141 1459 scillam
1158 1400 1235 1460 ante
1256 1401 1291 1460 et
1305 1401 1393 1460 retro
1417 1417 1452 1461 se
1473 1403 1604 1462 uertant

422 1523 493 1567 enm
516 1502 682 1585 magistris
711 1509 744 1566 ct
774 1501 937 1567 novissimi
966 1501 1043 1566 hine
1066 1501 1281 1585 egredientes.
1328 1500 1370 1568 In
1399 1501 1462 1569 boc
1490 1501 1603 1587 itaque

422 1607 473 1674 die
495 1607 626 1676 tabulas
650 1607 744 1674 binas
760 1607 913 1675 exhibere
929 1608 1091 1674 asinarius
1113 1607 1220 1692 debet,
1244 1609 1294 1675 uti
1317 1616 1394 1676 sunt
1409 1630 1520 1676 onmes
1542 1630 1603 1694 per

421 1714 565 1782 ordinem
588 1716 765 1800 conscripti
789 1714 1013 1800 septimanarii
1038 1714 1167 1798 iratres,
1184 1716 1348 1801 quonrodo
1370 1715 1511 1782 vicissim
1534 1737 1602 1783 ser·

422 1822 510 1888 siant
537 1820 598 1888 sibi
628 1822 672 1886 ad
696 1822 834 1906 coquina
857 1843 958 1907 opus,
982 1843 1121 1907 quarum
1151 1843 1250 1888 unam
1274 1821 1426 1888 cellarius
1455 1821 1516 1889 snb
1539 1843 1602 1889 sna

419 1950 496 1994 cura
523 1928 557 1994 in
581 1929 784 2014 promtuaria
806 1934 920 1995 teneat
950 1937 984 1995 et
1014 1929 1047 1993 in
1070 1928 1148 2014 ipsis
1172 1926 1294 1994 tabulis
1317 1927 1477 2015 quasdam
1501 1950 1600 1996 mem·

419 2033 538 2101 branas
559 2034 682 2102 babeat
709 2056 784 2101 cum
807 2033 1040 2121 martyrologio
1068 2035 1147 2102 anni
1177 2035 1334 2103 vertentis
1356 2035 1475 2122 quibus
1503 2057 1600 2121 prae·

419 2143 525 2209 sciant
547 2142 633 2228 quod
653 2142 803 2228 justitiae
827 2142 876 2208 rel
901 2141 1058 2208 librarum
1082 2163 1185 2228 panes
1215 2163 1274 2228 per
1298 2142 1442 2227 singrdos
1465 2142 1534 2210 dies
1563 2142 1599 2210 in

418 2248 672 2315 lraelemosinam
687 2248 883 2332 tribuantur,
907 2256 940 2315 et
964 2270 1005 2315 ex
1028 2248 1144 2315 officis
1167 2248 1273 2335 plenis
1292 2250 1461 2335 quantitas
1483 2270 1598 2317 conce·

418 2352 495 2422 dere
511 2354 609 2422 debet
623 2377 682 2440 per
694 2378 958 2442 unamquamque
974 2354 1045 2421 dies
1060 2354 1261 2441 temporibus
1275 2356 1352 2423 suis.
1386 2355 1466 2421 Alia
1476 2356 1599 2443 quippe

417 2462 450 2528 in
477 2461 622 2529 claustra
651 2461 739 2529 alirn
769 2463 811 2529 sit
840 2463 874 2528 in
897 2461 1089 2548 columpna,
1113 2470 1151 2527 ut
1178 2462 1400 2549 unnsquisque
1426 2460 1599 2549 provideat

417 2576 519 2654 quota
547 2569 617 2635 dies
646 2568 689 2634 ad
713 2568 814 2656 pedes
836 2568 1020 2636 abluendos
1049 2569 1127 2636 ituri
1150 2569 1294 2636 suntad
1316 2589 1477 2655 pauperes
1500 2575 1534 2636 et
1562 2570 1596 2636 in

416 2674 489 2763 ipsa
511 2675 653 2763 qualiter
674 2676 904 2762 perordinem
928 2697 1023 2743 sacra
1046 2699 1144 2762 agere
1167 2699 1228 2764 pro
1245 2675 1408 2744 defunctis
1424 2674 1598 2746 debebitur

416 2783 565 2854 aaran.

505 2888 734 2976 Quadraginta
757 2889 827 2957 dies
849 2890 914 2957 isto
936 2888 1113 2975 persolvite
1136 2911 1253 2958 mores.

505 2996 623 3067 XLII.
647 2995 786 3064 Sabbati
808 2998 842 3063 in
861 2994 1123 3084 Quadragesima
1148 2996 1192 3064 ad
1214 3018 1386 3083 vesperum
1407 2996 1595 3083 capitulum,

418 3104 580 3171 Ortamur
590 3128 657 3175 ves.
680 3104 949 3189 Responsnrium,
963 3106 1108 3191 Angelis
1118 3108 1198 3174 sirei.
1222 3102 1361 3186 Ymnus,
1376 3104 1485 3172 Olux.
1498 3104 1596 3170 Anti·

415 3210 534 3296 pbona,
564 3215 610 3278 Tu
625 3225 734 3279 aretem
757 3236 830 3278 cnm
844 3215 1008 3279 oraveris.
1039 3208 1190 3293 Oremus,
1213 3214 1308 3279 Deus
1330 3212 1389 3297 qui
1400 3212 1595 3279 aecclesiam

415 3333 515 3386 trenta.
543 3316 757 3404 Supervenite
769 3317 835 3385 duo
850 3317 971 3386 iratres
981 3318 1015 3384 in
1026 3317 1109 3384 albis
1121 3316 1251 3403 dieant3
1263 3339 1389 3405 ymnus,
1400 3320 1519 3386 Primo
1530 3319 1596 3386 die·

414 3449 499 3492 rnen
530 3425 704 3493 Lectiones
719 3432 794 3492 orto
810 3424 851 3493 de
871 3433 1062 3492 sanctorum
1077 3431 1219 3512 patrum.
1243 3423 1403 3511 (lantyca,
1419 3427 1598 3495 Deducant

122 3561 163 3600 en:
177 3553 300 3597 serem.
313 3541 377 3591 xm,
413 3533 553 3613 ecrrle’,·(·‘
564 3531 706 3599 homelia
718 3554 758 3599 ex
772 3531 940 3617 euangelio
952 3535 1074 3602 Simile
1084 3546 1133 3601 est
1142 3556 1284 3620 regnum
1298 3534 1459 3600 coelerum
1470 3534 1597 3600 donnini

245 3616 289 3659 ¹¹⁰
408 3640 514 3725 patri.
553 3637 595 3705 In
610 3637 857 3705 matutinalibus
879 3638 1033 3706 laudibus
1057 3639 1099 3706 sit
1121 3638 1275 3705 sacerdos
1297 3638 1333 3704 in
1355 3637 1433 3705 alba
1453 3637 1498 3704 ad
1519 3659 1594 3725 por·

413 3744 548 3812 tandum
570 3746 739 3812 incensum
769 3767 828 3830 per
851 3745 981 3812 altaria.
1027 3744 1216 3831 Capitulum
1247 3766 1323 3812 ecce
1346 3766 1432 3812 nunc
1453 3751 1592 3831 tempus.

412 3851 678 3939 Responsorinm,
697 3855 900 3939 Partice'pem
916 3875 977 3919 me.
1013 3851 1152 3933 l‘mnns,
1168 3855 1292 3921 Eterne
1305 3874 1419 3920 rerum
1436 3853 1592 3919 eonditor.

412 3957 603 4027 Versiculos
631 3959 774 4026 Domine
805 3958 1011 4044 refugium.¹)
1058 3959 1100 4025 In
1128 3958 1242 4043 primis
1272 3958 1411 4026 collecta
1444 3956 1486 4025 de
1521 3956 1594 4043 die;

413 4063 532 4133 deinde
555 4066 764 4153 Omnipotens
785 4070 982 4153 sempiterne
1004 4067 1100 4148 deus,
1125 4070 1187 4150 qni
1207 4067 1329 4134 dedisti
1339 4066 1489 4152 saeresle's
1516 4068 1591 4143 tais,

413 4180 445 4238 et
468 4172 549 4238 alias
572 4172 884 4241 consuetudinarias.
930 4170 989 4239 Ad
1012 4171 1251 4258 processionem
1274 4178 1349 4258 post
1371 4171 1590 4258 aspersionem

412 4299 535 4364 aquae,
567 4278 797 4363 incipientibus
828 4300 963 4365 pergere
994 4279 1236 4364 responsorium
1271 4278 1314 4347 de
1343 4284 1459 4346 sancta
1487 4279 1593 4346 maria

411 4385 567 4471 imponat,
590 4384 677 4470 qnod
700 4386 881 4454 conveniat.
922 4384 1053 4452 Deinde
1076 4407 1116 4453 ex
1139 4385 1286 4454 oratorio
1309 4406 1437 4472 semper
1458 4384 1592 4470 virginis

478 4495 713 4598 ‘ilfi—margine
734 4526 852 4598 legitur:
878 4527 1051 4598 Antiphone,
1072 4529 1172 4582 Ducem
1190 4540 1227 4583 ert
1236 4531 1335 4619 jesus..
1357 4526 1488 4599 oremus,
1507 4528 1589 4592 Dens,

411 4618 458 4684 qui
473 4619 598 4670 eeclesiam
616 4627 698 4671 tuane.
735 4615 779 4674 At
797 4615 988 4672 matutinalem
1006 4614 1126 4674 mima·
