3792 5375
895 568 1120 631 ..70-

419 759 683 848 Responson'um,
701 760 815 829 Oriauis
825 762 1043 845 pulchritudo
1056 763 1192 828 aioaiaiui.
1224 759 1363 843 anurrs,
1390 763 1525 828 Vmuum
1541 784 1596 829 aa·

417 893 543 938 araturus.
589 868 666 935 Duo
689 864 878 935 sacerdotes
900 864 1080 932 induantur
1103 868 1219 953 cappis
1242 865 1475 935 circumdando
1497 867 1596 934 altari

417 976 559 1042 incensa.
605 971 813 1062 Antiphone,
842 975 949 1040 Pater
984 976 1214 1057 manifestavi.
1265 972 1422 1059 Oramus,
1452 978 1598 1042 Praesta

416 1107 612 1170 puaesmuus
631 1085 828 1170 arratiipuuus
843 1093 957 1166 pata-r.
1004 1079 1114 1147 Statio
1137 1081 1198 1147 tiat
1220 1080 1264 1147 ad
1287 1089 1434 1148 sanctam
1456 1102 1596 1152 crucem.

417 1188 620 1275 Antiphona,
656 1190 686 1258 0
708 1190 791 1267 Rex,
816 1187 960 1253 Domine
982 1191 1161 1269 uirtutum,
1186 1188 1236 1254 rel
1259 1188 1322 1256 boc
1345 1189 1597 1274 responsorium,

422 1298 557 1383 iarupus
579 1310 642 1376 ast,
671 1309 708 1363 ut
728 1306 894 1376 reuertar,
927 1292 1116 1382 Collecta][
1131 1297 1240 1375 Deus,
1264 1298 1357 1383 crpus
1380 1297 1487 1383 filius.
1539 1295 1596 1363 Ad

415 1403 660 1489 completorium
690 1401 848 1488 inponant
877 1398 960 1467 duos
989 1422 1118 1481 rursus,
1154 1402 1362 1482 Quaesumus
1391 1385 1507 1471 aructat
1527 1429 1596 1470 orii·

415 1515 515 1576 ur'ruu.
562 1512 680 1577 Gloria
711 1509 772 1578 ciui
796 1511 955 1589 Dauum,
989 1514 1049 1595 qui
1075 1513 1229 1591 scandis,
1264 1530 1346 1594 aluos
1373 1508 1491 1577 cotidie
1521 1531 1595 1595 pro·

415 1625 505 1682 mant
528 1638 586 1702 per
609 1639 721 1684 omnes
744 1613 860 1693 boras,
893 1614 948 1680 alii
973 1636 1050 1681 cero
1073 1617 1162 1701 5mni
1186 1638 1260 1682 cum
1283 1615 1374 1702 quali
1403 1616 1508 1701 gloria
1530 1623 1596 1684 ter·

415 1724 527 1791 minati
551 1724 682 1809 inerint,
706 1744 779 1791 carm
803 1721 863 1788 tali
887 1721 1042 1789 finiantur
1070 1725 1154 1790 sicut
1178 1722 1330 1791 doctores
1353 1722 1595 1791 ordinaverunt

547 1922 764 2000 Ascendere
791 1918 950 1996 cbristus
978 1883 1098 1997 coelos
1126 1920 1194 1997 hos
1223 1921 1336 2022 exigit
1362 1947 1460 2005 nans.

502 2098 639 2166 Lm.
678 2095 874 2167 Festiritate
905 2117 1047 2182 namque
1076 2096 1238 2182 gloriosae
1265 2096 1447 2165 dominicae
1470 2097 1595 2166 exalta·

413 2206 511 2272 tionis
541 2228 633 2289 mox,
668 2213 707 2274 ut
736 2202 903 2272 canticum
932 2203 1095 2288 graduum
1125 2214 1296 2290 peractum
1327 2204 1440 2286 suerit,
1479 2225 1595 2272 accen·

413 2312 533 2379 dantur
555 2314 619 2380 tria
641 2309 841 2381 candelabra
863 2318 942 2377 ante
966 2332 1058 2377 aram
1081 2318 1115 2377 et
1139 2333 1237 2377 unum
1250 2319 1350 2378 retro.
1395 2310 1595 2380 b'itatorinm

412 2427 567 2504 quattuor
589 2420 623 2487 iu
646 2418 772 2508 cappis,
795 2421 958 2507 Allelrpa,
985 2421 1154 2486 Christruu
1179 2422 1356 2487 Dauuuum
1372 2423 1594 2487 ascendentem

410 2531 446 2593 iu
469 2529 575 2614 coelis.
622 2527 760 2610 Ymnus,
784 2521 871 2598 Jasu
893 2538 1007 2593 uestra
1031 2530 1220 2613 rmiemptio.
1255 2525 1297 2592 In
1319 2524 1512 2594 lectionibus
1527 2547 1594 2593 non

413 2632 716 2702 aromatizabuntur
748 2630 881 2701 altaria.
942 2631 1095 2719 Denique
1128 2633 1210 2721 ipsis
1244 2655 1284 2701 ex
1317 2633 1466 2702 homeliis
1503 2632 1593 2702 beati

157 2762 188 2795 (υ
213 2759 241 2796 ¹·—
260 2757 383 2803 κων.
412 2740 600 2827 Augustini,
633 2744 848 2829 Glorificatus
863 2763 886 2805 a
902 2741 1045 2827 patra-(⁸)
1065 2739 1174 2828 prima
1196 2747 1231 2808 et
1252 2740 1397 2808 secunda
1418 2750 1593 2825 nocturna3

157 2829 384 2949 ζυζζχζπζῗ
413 2848 446 2914 in
478 2848 575 2915 tertia
604 2846 747 2916 homelia
775 2845 865 2913 beati
895 2847 1035 2932 gregorii
1065 2848 1225 2933 pnpmab
1270 2848 1494 2934 Responsoria
1528 2849 1594 2917 duro

159 2992 180 3031 „a
228 2990 330 3030 mann.
358 2994 385 3030 a·
413 2963 447 3022 et
470 2954 536 3022 duo
558 2953 833 3023 decantabantur.
881 2952 938 3019 Ad
962 2954 1129 3020 cauticum
1144 2962 1329 3041 augeantur
1343 2978 1457 3023 norem
1472 2956 1593 3023 cando·

159 3061 298 3173 2¹5²?-
313 3061 383 3173 3²¹:-
413 3061 508 3129 labra
534 3072 611 3129 ante
634 3084 727 3130 aram
756 3061 920 3149 posterius
950 3061 1070 3146 «puina,
1105 3062 1139 3127 in
1168 3062 1294 3147 pertica
1316 3061 1491 3149 quindena.
1536 3062 1594 3130 Ad

161 3161 290 3245 'aggvi
307 3160 383 3246 „as
412 3168 586 3236 stationem
615 3167 876 3255 responsorium,
912 3171 1013 3235 I’auis
1040 3172 1155 3235 errabam
1188 3174 1223 3236 et
1252 3168 1359 3236 oratio
1387 3169 1487 3256 ipsius
1511 3169 1594 3240 diei.

412 3275 505 3342 Ante
527 3277 665 3362 primam
690 3281 861 3343 irssmnant
884 3275 1053 3341 secretarii
1075 3276 1273 3343 istmmenta
1288 3276 1413 3342 sedium
1429 3283 1464 3343 et
1477 3284 1595 3343 ornent

412 3381 600 3468 capitulum.
646 3380 865 3450 Reiectorarii
895 3381 1062 3467 accipiant
1087 3381 1243 3448 bancalia
1271 3388 1371 3468 atque
1392 3381 1528 3469 squillas
1549 3382 1593 3448 ad

413 3489 632 3556 decorandum
656 3487 875 3557 refectorium.
915 3487 956 3554 ln
981 3487 1135 3555 horarum
1159 3488 1225 3555 tria
1239 3487 1438 3557 candelabra
1452 3488 1485 3556 iu
1501 3490 1595 3558 initio

412 3595 646 3665 accendantur.
694 3596 735 3663 In
765 3588 954 3663 matutinati
986 3596 1087 3661 missa
1122 3595 1166 3662 ad
1196 3603 1343 3663 sanctam
1373 3619 1502 3664 crucem
1529 3618 1595 3665 nna

412 3702 637 3770 tantummodo
672 3701 812 3770 cultata
846 3709 880 3768 et
914 3702 1112 3788 praephatio
1145 3702 1248 3789 ipsius
1280 3701 1345 3770 diei
1374 3704 1595 3790 praecinatur,

411 3831 521 3877 omnes
536 3831 677 3895 namque
698 3807 821 3877 «latrent
836 3831 909 3875 esso
931 3808 1036 3875 indnti
1059 3808 1143 3875 altris
1157 3816 1233 3876 ante
1249 3810 1390 3878 tertiam.
1412 3810 1498 3879 Cum
1521 3811 1595 3897 ipsa

411 3916 493 3985 bora
509 3917 640 3984 domino
658 3916 890 4001 reconsignata
912 3915 1021 3999 inerit,
1045 3915 1217 3983 ordinetur
1236 3916 1403 4003 processio
1417 3916 1594 3984 admodum

411 4046 470 4109 per
492 4022 649 4091 ordinem.
688 4021 782 4090 'l’uuc
805 4022 1002 4089 secretarius
1025 4022 1081 4091 det
1105 4023 1240 4090 vascula
1262 4045 1365 4092 astrea
1386 4024 1520 4091 minoris
1542 4023 1594 4092 sel

412 4128 659 4217 philacteriaa¹)
688 4128 732 4197 ad
766 4136 925 4215 aprrattuor
959 4131 1106 4197 seniores
1140 4150 1402 4217 unamquamque
1431 4152 1504 4198 cnm
1535 4153 1595 4199 sno

412 4244 539 4306 ornatu.
590 4236 763 4305 Accedant
794 4233 871 4302 deni
902 4237 1050 4303 cormersi
1085 4242 1120 4303 et
1153 4259 1193 4304 eo
1226 4237 1367 4325 amplius
1396 4237 1439 4305 ad
1459 4236 1593 4323 maduo,

412 4351 569 4429 quattuor
591 4366 631 4410 cx
654 4343 706 4411 bis
729 4341 893 4428 aatpiant
924 4341 1137 4428 caudelabra,
1162 4352 1240 4410 tunc
1263 4343 1329 4411 duo
1351 4342 1408 4411 alii
1429 4344 1593 4431 accipiant

412 4449 476 4517 aluo
511 4448 655 4518 turibula
689 4470 791 4518 aurea
825 4456 859 4515 et
895 4450 1011 4515 tertius
1046 4450 1236 4517 timianratis
1270 4450 1471 4521 matheriem.
1524 4450 1593 4518 Alii

411 4556 550 4642 «tetrique
585 4556 650 4624 sini
684 4556 727 4646 (i)
760 4553 881 4624 tollant
916 4577 1029 4622 cruces
1071 4555 1156 4622 duas
1192 4578 1310 4625 taureas
1344 4564 1443 4644 atque
1476 4558 1594 4626 tertius

502 4734 510 4767 ¹
537 4734 651 4791 auum
