3792 5375
741 470 988 544 -101'-

365 672 492 741 Deinde
516 672 658 739 inientes
682 693 754 739 cum
777 672 942 758 magistris
966 676 999 738 et
1019 679 1090 738 tum
1105 669 1379 758 domumabbas3
1402 694 1455 739 ex·

275 780 350 847 hinc
371 779 526 846 sacerdos
549 786 582 846 et
605 779 812 865 postmodum
836 778 965 861 levitae,
990 779 1163 847 novissime
1178 779 1336 848 conversi.
1372 777 1457 848 Qum

275 886 425 973 perdicta
448 886 492 953 ni
524 887 624 953 inerit
654 885 835 972 antiphona
865 884 955 951 dicat
986 884 1141 953 sacerdos
1164 907 1293 952 versum
1325 887 1457 974 atque¹)

275 994 447 1060 collectam
471 1017 510 1059 cx
535 992 649 1059 cadem
673 992 781 1075 beata,
805 1015 904 1078 quam
921 992 1009 1058 redit.
1042 990 1117 1079 Qua
1133 1001 1250 1059 exacta
1270 994 1458 1061 incensetur

275 1101 382 1168 altare
411 1122 432 1167 a
462 1098 588 1166 duobus
620 1099 846 1166 sacerdotibus
880 1121 953 1165 cum
988 1097 1116 1166 dnobus
1149 1099 1310 1167 turibulis
1362 1098 1457 1168 'fune

275 1217 392 1275 carator
421 1207 553 1275 inchoet
580 1207 841 1293 responsorium,
879 1207 973 1287 Qum·
995 1219 1047 1273 cst
1066 1212 1147 1290 r'sta,
1184 1215 1219 1274 et
1250 1207 1457 1293 postmodum

276 1314 376 1396 atiud,
402 1318 471 1381 Istc
494 1330 543 1382 es!
564 1319 719 1400 spectum.
766 1312 932 1400 Quamdiu
961 1312 1096 1379 veniunt
1118 1311 1216 1380 ambo
1244 1313 1394 1381 canendo
1422 1314 1457 1381 in

276 1423 421 1488 claustra
445 1431 478 1488 et
502 1423 548 1486 sic
571 1421 722 1489 ordinate
744 1421 927 1508 procedant
949 1420 1076 1506 absque
1099 1441 1192 1488 mora
1206 1420 1240 1487 in
1254 1421 1339 1488 atrio
1354 1418 1458 1488 cccle-

276 1530 344 1594 siae
368 1530 461 1594 sicuti
486 1536 713 1614 peragrarunt,
738 1534 867 1595 etcum
891 1526 935 1593 ibi
961 1525 1092 1611 fuerint,
1116 1535 1204 1595 stent
1218 1526 1458 1615 ordinatspro·

275 1637 422 1702 cessione
446 1636 480 1702 in
504 1634 621 1715 medio,
650 1644 685 1701 ut
709 1642 878 1702 venerunt.
924 1633 1080 1702 Seniores
1110 1634 1265 1703 assistant
1295 1635 1396 1702 vetuti
1424 1635 1459 1702 iu

276 1743 376 1809 choro
407 1764 486 1810 usus
509 1749 558 1809 est
581 1742 709 1825 standi,
744 1740 859 1809 dicant
886 1740 931 1807 ibi
960 1739 1024 1809 hoc
1057 1741 1314 1830 responsorium,
1350 1744 1460 1830 Super

275 1853 426 1931 salutem,
458 1871 524 1935 quo
546 1856 683 1935 peracto
706 1850 829 1915 intrent
853 1847 1026 1915 ecclesiam
1053 1847 1116 1915 hoc
1139 1850 1379 1936 responsorium
1402 1846 1459 1917 de·

276 1956 454 2039 cantando,
488 1955 1299 2044 autumnum-11sonantibnscunctissignis.
1344 1955 1458 2025 Secre-

276 2065 381 2131 tarius
404 2063 529 2130 tribuat
551 2084 676 2149 cappas
699 2062 741 2128 ad
766 2084 894 2143 omues,
925 2060 969 2128 ad
1000 2061 1142 2129 infantes
1165 2064 1303 2134 tunicas.
1349 2062 1459 2149 Signis

276 2172 418 2238 dimissis
433 2171 556 2238 habeat
572 2171 732 2236 armarius
747 2178 965 2256 praeparatas
980 2169 1155 2237 duodecim
1170 2192 1293 2258 cappas
1306 2170 1341 2238 in
1359 2169 1459 2239 choro

276 2286 311 2345 et
335 2286 500 2345 annuente
524 2276 691 2359 iratribus,
721 2277 840 2363 quibus
864 2278 934 2363 ipse
958 2276 1108 2359 voluterit,
1132 2277 1189 2364 qui
1211 2277 1283 2346 illas
1307 2278 1458 2361 vestiant,

277 2407 453 2471 secumque
477 2385 615 2451 officium
637 2383 801 2467 inchoent,
827 2384 1044 2451 Gaudeamus
1065 2409 1184 2453 oriente.
1217 2384 1251 2451 A
1274 2385 1459 2453 secretariis

277 2500 355 2560 aute
379 2492 483 2560 altare
507 2492 679 2558 duodecim
694 2490 831 2559 candele
847 2490 1083 2573 accendantur,
1106 2498 1195 2560 retm
1209 2489 1340 2580 ΧΨ)
1369 2492 1460 2560 Ante

277 2600 360 2667 alias
390 2599 503 2666 arulas
534 2621 598 2667 uns
629 2597 869 2666 tantummodo.
915 2595 1047 2683 Oratio,
1072 2601 1287 2685 saumlmm
1315 2601 1475 2668 tuorum

277 2710 395 2776 Lectio
419 2709 460 2776 de
476 2709 650 2795 sapientia,
675 2711 712 2775 lu
735 2710 884 2775 omubus
906 2711 1052 2794 rcqru'em
1076 2706 1275 2795 quaeruut*
1311 2706 1461 2796 Bapen-
1488 2724 1516 2765 (o
1532 2721 1605 2764 ¹0⁸²
1618 2722 1708 2773 mv.

278 2818 400 2883 sotium
423 2823 578 2902 quattuor
601 2814 795 2899 decantent,
819 2818 963 2901 Propter
985 2816 1169 2883 veritatum
1211 2816 1378 2904 ΛΜΨ..
1393 2834 1460 2895 sex,
1578 2796 1612 2835 ¹¹·

278 2929 457 3011 Assuurpta
481 2935 531 2990 est
553 2926 674 2990 nimiu.
721 2920 936 3008 Evangelium
961 2919 1142 2988 secundum
1164 2921 1289 3003 lucam,
1322 2923 1461 3011 Repleta

277 3047 327 3099 est
349 3034 481 3117 Spiritu
504 3043 617 3095 sarecto
646 3031 826 3096 delr'sabetlt
861 3049 968 3114 usque
1003 3033 1038 3097 in
1071 3033 1130 3097 deo
1163 3033 1311 3098 salutari
1341 3027 1462 3112 resecasti
1489 3043 1707 3093 (uuam-ss·

277 3137 421 3223 Require
446 3143 523 3202 ante
546 3135 657 3201 natale
681 3135 818 3219 domini,
849 3134 1034 3202 ebdomada
1058 3134 1107 3216 11,
1137 3134 1222 3203 seria
1243 3133 1307 3208 lv.
1354 3136 1462 3204 Credo

278 3251 312 3313 iu
336 3269 435 3311 terrum
459 3247 556 3310 derum
580 3241 702 3311 dicant.
734 3240 913 3310 offertoria
937 3262 958 3307 a
982 3240 1110 3309 duobus
1132 3242 1325 3310 efficiantur.
1355 3242 1461 3310 Missi

278 3351 409 3436 expleta
432 3349 543 3415 omnia
565 3348 658 3433 sigua
681 3349 861 3435 pulsentur.
904 3348 945 3415 In
969 3348 1143 3416 refectorio
1166 3350 1254 3417 trias
1274 3347 1461 3436 propinatio

278 3458 353 3539 fiat,
377 3457 472 3522 sicuti
496 3456 531 3521 in
563 3454 685 3522 dourini
714 3456 952 3521 resurrectione
981 3454 1195 3542 protulimus,
1224 3463 1259 3523 et
1288 3456 1398 3524 omnia
1426 3455 1461 3523 in

278 3564 437 3646 omnibus,
468 3571 505 3629 nt
534 3564 714 3651 repererint
737 3562 782 3629 ibi
807 3560 1062 3648 adimpleantur.
1106 3562 1163 3630 Ad
1186 3583 1354 3651 vesperam
1377 3558 1461 3630 suti·

278 3673 400 3759 pliona,
418 3673 581 3738 Exultata
597 3685 655 3737 cst.
678 3668 812 3751 Psalmi,
828 3672 932 3738 Dixit
945 3673 1107 3738 douu'uus.
1131 3669 1337 3757 Antiphone,
1353 3673 1460 3738 Para·

280 3781 347 3847 disi
362 3792 474 3866 porta.
506 3780 665 3844 Luctauaes
686 3800 758 3843 sum
774 3779 809 3843 iu
823 3779 887 3846 uis.
921 3778 1017 3845 Sicut
1031 3781 1141 3845 nsum
1156 3781 1267 3848 electa.
1298 3774 1461 3859 Psalmus,

279 3888 360 3954 Nisi
390 3886 551 3952 durts'uus.
596 3882 807 3970 Antiphona,
833 3886 886 3949 De
914 3888 1050 3970 fructu.
1095 3883 1265 3970 Psalmns,
1299 3886 1463 3953 Murum

279 3994 418 4059 doruiue.
473 3990 749 4077 Responsorium,
784 3992 913 4058 Exulta
946 4005 998 4059 est
1028 4005 1157 4061 sancta.
1209 3989 1356 4071 Ymnns,
1391 3994 1463 4059 Ave

280 4103 431 4180 ruerus).
478 4097 682 4184 Antiphona,
708 4101 815 4165 Hodie
838 4100 951 4164 ursaria
974 4102 1075 4186 uirgo
1098 4101 1203 4166 caelos
1225 4100 1384 4168 ascendit.

370 4203 449 4272 011.
479 4203 573 4270 Intra
595 4212 729 4272 octavae
757 4225 865 4292 genus
895 4224 961 4270 non
991 4202 1137 4274 flectant.
1184 4202 1288 4291 Signa
1319 4211 1461 4287 muctar,

279 4320 317 4379 ut
340 4331 411 4378 mos
434 4317 485 4377 est
500 4310 674 4378 cotidianis
690 4310 816 4380 diebus.
847 4311 1090 4396 Inritaton'um,
1113 4316 1185 4380 Ave
1200 4316 1321 4394 sacaria,
1339 4313 1462 4400 [νοτία

272 4423 376 4507 plena
390 4422 543 4486 durariuus
557 4424 703 4499 Aecrum
725 4417 882 4504 psalmus,
907 4420 1027 4487 ii'nr’te.
1062 4417 1237 4486 Lectiones
1256 4417 1298 4486 de
1312 4439 1462 4487 sermone

371 4649 392 4720 ¹)
412 4649 527 4706 Rmura
