3792 5375
851 495 1074 557 -44..

375 692 531 770 quattuor
559 685 757 753 caudelabra
789 708 871 753 uuus
906 709 946 752 ex
981 684 1208 754 sacerdotibus
1241 685 1413 753 brachium
1446 682 1553 754 sancti

377 791 479 858 ruarrri
500 800 533 859 et
555 801 621 859 tres
644 793 698 858 alii
722 815 762 860 ex
785 792 1011 859 sacerdotibus
1035 815 1109 859 cum
1132 791 1265 879 reliquis
1285 789 1487 859 omamentie
1503 786 1553 852 rel
1664 864 1666 867 ¹

376 899 472 964 etiam
495 906 584 984 oct03
608 897 756 966 Sedecim
779 898 835 965 alii
865 899 1011 965 conversi
1043 922 1082 966 ex
1113 898 1231 985 quibus
1258 905 1391 985 portent
1412 895 1479 965 duo
1502 893 1553 960 uel

375 1013 528 1089 quattuor
549 1005 729 1091 Imaginem
754 1007 860 1073 saucti
883 1008 968 1092 petri
1000 1029 1072 1073 cum
1103 1005 1249 1092 reliquiis
1278 1012 1310 1072 et
1333 1006 1390 1072 alii
1413 1001 1481 1071 duo
1503 1000 1553 1065 vel

376 1110 478 1176 111101
500 1110 628 1198 Corpus
657 1113 761 1179 sancti
792 1112 936 1180 marcelli
968 1135 1092 1200 papae,
1124 1119 1158 1180 et
1187 1111 1254 1179 bini
1285 1113 1335 1179 vel
1363 1107 1471 1179 1111oe
1498 1107 1553 1173 alii

376 1240 498 1283 cassam
522 1220 627 1285 sandi
649 1219 788 1304 gregorii
812 1241 919 1306 papae
943 1228 975 1286 et
1000 1220 1064 1287 duo
1088 1218 1139 1286 uel
1164 1217 1269 1286 IIIIer
1284 1219 1341 1284 alii
1365 1222 1553 1286 summram

376 1324 528 1410 reliquias
550 1325 725 1393 multorum
747 1334 889 1412 patrum.

463 1430 596 1498 Debent
616 1433 663 1499 ita
686 1432 837 1500 incedere
859 1455 918 1519 per
937 1432 1084 1499 ordinem
1101 1433 1197 1499 sicuti
1212 1431 1245 1499 iu
1262 1431 1313 1498 his
1329 1425 1554 1499 caracteribus

375 1537 584 1607 ostendimus.
629 1539 670 1605 In
696 1540 817 1627 priruns
840 1539 953 1605 famuli
973 1562 1046 1606 cum
1064 1539 1238 1606 fanonibus
1261 1538 1328 1605 bini
1352 1559 1393 1606 ac
1416 1534 1485 1605 bini
1507 1533 1555 1600 iu·

375 1643 562 1711 cedentibus
584 1646 677 1732 quasi
699 1645 853 1713 XXX¹⁸.

375 1784 497 1842 fanones
586 1787 725 1858 Reliquias
818 1787 1038 1858 Gregoriipnpus
1053 1788 1147 1844 Sancti
1164 1805 1234 1845 mue
1286 1786 1439 1859 Imaginem
1458 1782 1547 1843 saneti

587 1878 746 1934 Sanctorum
754 1893 801 1948 pa·
818 1876 956 1945 Quattuor
980 1876 1035 1934 fra·
1088 1876 1152 1934 aelli
1170 1892 1256 1949 papae
1321 1875 1394 1948 petri

622 1973 694 2023 trum
854 1972 913 2023 tres
1054 1966 1190 2035 Quattuor
1214 1966 1269 2023 fra·
1286 1965 1424 2035 Quattuor
1441 1962 1544 2022 mna

820 2055 862 2111 sel
882 2055 968 2111 etiam
981 2055 1035 2111 duo
1089 2061 1148 2111 tres
1286 2054 1432 2125 deportent

376 2141 498 2199 fanones
588 2146 668 2202 11110'
679 2147 722 2202 rel
736 2145 789 2202 duo
820 2143 862 2199 rel
881 2144 966 2200 etiam
981 2144 1035 2200 duo
1054 2145 1097 2201 sel
1115 2145 1199 2202 etiam
1214 2145 1268 2202 duo
1286 2142 1433 2213 deponent

376 2232 498 2288 fanones
588 2236 721 2291 1111⁰¹uel
735 2234 788 2291 duo
819 2231 981 2289 Turibulum
1054 2233 1097 2290 vei
1114 2233 1199 2290 etlam
1214 2233 1267 2290 duo

375 2321 486 2378 Crucem
587 2320 699 2375 Crucem
818 2321 961 2377 Cassulam
1053 2321 1250 2380 Candelabrum

376 2412 480 2480 Aquam
587 2408 739 2465 Crucifixus
818 2408 979 2466 Turibulum
1020 2411 1173 2468 ‘Teutam

375 2498 500 2556 Sanctam
586 2496 698 2554 (iucem
819 2499 933 2555 Pomum
1053 2500 1251 2559 Candelabrum

375 2587 569 2644 Candelabrum
586 2587 726 2657 Saeptrum
819 2587 930 2645 Brachi·
1053 2589 1185 2647 Sacerdos
1286 2588 1370 2646 Etsi
1393 2586 1482 2647 valna
1505 2599 1587 2656 pro·

375 2676 491 2734 'festum
585 2676 663 2748 Scep·
854 2694 901 2734 um
1053 2677 1186 2736 'fabariam
1204 2679 1233 2737 in
1321 2682 1446 2750 tempore

621 2772 693 2822 trum
1088 2770 1140 2825 ime
1162 2769 1207 2827 dle
1230 2769 1269 2826 ui·
1286 2769 1319 2824 Iu
1337 2768 1389 2824 hae
1409 2766 1455 2825 dfe
1472 2764 1557 2824 etiam

375 2855 571 2913 Candelabrum
1089 2858 1204 2915 mittant
1322 2855 1440 2928 seeptrla

1287 2948 1378 3016 Atque
1390 2958 1501 3016 pomam
1512 2941 1558 2998 ob·

1314 3035 1425 3091 mittere
1434 3039 1558 3106 pennalt.

464 3140 516 3206 Ex
539 3140 615 3206 biuc
637 3146 820 3225 sequuntur
840 3139 915 3206 illos
938 3140 1091 3208 infantuli
1114 3140 1183 3208 bini
1207 3162 1247 3208 ac
1269 3140 1338 3208 bini
1360 3163 1435 3209 euru
1454 3139 1558 3224 magi·

376 3248 462 3329 stris,
485 3247 577 3314 exiuc
600 3248 721 3313 caeteri
744 3248 887 3332 majores
911 3249 997 3315 sicut
1020 3254 1098 3314 suut
1120 3249 1247 3333 priores
1270 3247 1335 3315 duo
1358 3255 1393 3316 et
1415 3246 1483 3318 duo
1497 3267 1559 3336 per

375 3355 520 3421 ordinem
542 3353 756 3441 procedentes
779 3375 853 3420 cum
876 3355 1077 3440 antiphonis,
1101 3353 1163 3440 his,
1188 3356 1242 3440 qni
1266 3361 1402 3423 cantare
1417 3360 1559 3443 ponam
1589 3438 1593 3444 η

375 3470 407 3528 et
430 3462 546 3542 sciunt,
569 3460 717 3528 omnibus
741 3459 906 3531 adunatis.
937 3461 995 3528 Ad
1019 3461 1169 3528 ultimum
1193 3462 1330 3529 domnus
1354 3461 1460 3530 abbas
1482 3459 1559 3529 sub·

375 3568 582 3654 sequentibus
605 3590 678 3634 eum
702 3569 924 3635 uniuersorum
949 3567 1118 3635 ordinibus
1141 3567 1311 3637 laicorum.
1349 3565 1559 3636 Exeuutabus

375 3676 482 3742 omnia
506 3675 598 3760 sigua
620 3682 791 3741 sonentur:
823 3673 888 3744 duo
912 3674 1041 3761 majora
1064 3675 1190 3742 tamdiu
1212 3674 1417 3762 protelentur
1445 3673 1559 3744 mniti-

376 3782 480 3848 zumlo
509 3803 677 3867 quousque
709 3789 892 3848 reuertatur
912 3782 1078 3868 processio
1107 3782 1142 3848 in
1171 3781 1335 3851 Galilaea
1393 3781 1431 3850 Si
1457 3769 1560 3870 pluri·

376 3910 500 3956 morum
523 3889 717 3955 universitas
739 3890 925 3970 excesserit,
949 3889 1065 3955 famuli
1087 3889 1154 3956 loci
1176 3897 1255 3956 eant
1280 3890 1375 3977 justa
1401 3888 1560 3972 asaiae,

377 3994 418 4060 ad
441 3995 581 4061 infantes
599 3994 809 4082 protegendo,
833 4016 874 4061 ne
897 3995 1087 4081 inpediatur
1109 4017 1193 4082 opus
1215 3996 1290 4067 Dei.
1328 3995 1396 4063 Hie
1418 4016 1486 4063 uon
1508 4000 1561 4064 est

377 4122 506 4167 necesse
529 4100 652 4187 aliquid
676 4100 770 4169 nobis
794 4101 948 4185 inserere,
972 4101 1061 4187 quod
1085 4103 1307 4189 unusquisque
1322 4101 1375 4169 dei
1390 4102 1561 4190 professor

377 4208 562 4275 memoriter
584 4208 666 4274 seire
689 4207 802 4293 delmi,
831 4217 991 4294 quantum
1014 4211 1044 4276 ei
1068 4210 1201 4295 expedit
1224 4209 1274 4275 aui
1297 4208 1404 4276 ordini
1434 4207 1560 4296 optime

377 4322 487 4381 teume
510 4321 610 4400 atque
632 4314 808 4385 custodim

466 4420 644 4491 l'euientes
668 4430 776 4488 autem
793 4422 837 4489 ad
852 4421 1024 4489 ecelesiam
1041 4423 1124 4490 citra
1140 4423 1378 4491 Mouasterium
1397 4423 1560 4490 intrantes

379 4525 487 4593 dieunt
510 4526 594 4594 laune
618 4529 841 4614 antiphonam,
867 4532 1028 4597 Salvator
1051 4534 1169 4598 ttrrrndi
1188 4533 1286 4598 salam
1306 4554 1365 4599 nos
1379 4551 1502 4612 ortatus,
1525 4533 1561 4595 et

380 4631 548 4717 pulsentur
570 4635 672 4715 siena.
703 4633 831 4714 Oratio,
856 4636 1001 4703 Colicaria
1023 4659 1231 4723 qrrnesrmms.
1256 4633 1561 4723 supremarum
