3792 5375
842 584 1089 647 -191-

366 780 511 866 quinque
546 778 666 844 missas
700 799 829 864 semper
862 778 896 844 in
931 774 1076 862 capitulo
1111 783 1225 843 notum
1258 775 1378 859 faeiat,
1413 782 1450 842 ut
1473 774 1556 842 alius

366 884 532 952 suecedet.

464 995 546 1060 l'ocr
576 1015 648 1059 sura
679 1013 739 1076 per
770 1012 882 1057 omnes
911 989 1011 1056 boras
1041 989 1264 1058 enotabantur
1294 1011 1316 1056 a
1343 987 1503 1056 fratribus
1524 998 1558 1057 at

375 1102 385 1165 l
397 1102 481 1167 'erbe
506 1123 579 1166 saro
605 1107 678 1183 post
704 1098 898 1164 matutinum
922 1096 1067 1163 omnium
1083 1105 1284 1179 sanctorum,
1309 1103 1343 1163 et
1359 1099 1452 1164 Deus
1468 1099 1557 1164 aarr'·

367 1210 427 1273 bas
442 1210 576 1273 nostris.
602 1204 717 1290 Usque
732 1212 766 1269 at
783 1205 981 1270 tricesimum
998 1202 1084 1270 diem
1101 1202 1220 1271 ootidie
1231 1202 1397 1288 justitiam
1412 1201 1510 1288 panis
1524 1211 1557 1269 et

365 1313 430 1378 vini
454 1319 488 1378 et
512 1312 616 1378 totius
638 1310 795 1396 stipendii
814 1310 1061 1377 elemosinarius
1084 1310 1237 1397 accipiat.
1268 1310 1395 1376 Breues
1409 1331 1471 1396 pro
1487 1309 1558 1397 ipse

365 1420 475 1485 anima
498 1417 661 1484 armarius
685 1416 803 1497 faeiat,
834 1428 864 1484 et
896 1415 1090 1484 cellararius
1120 1438 1179 1502 per
1207 1416 1335 1502 priores
1358 1422 1393 1484 et
1415 1415 1557 1483 decanos

365 1526 462 1593 faeiat
489 1525 646 1605 nuntiari,
671 1535 707 1590 ut
723 1532 757 1591 et
773 1525 834 1609 ipsi
851 1546 909 1609 per
930 1531 1058 1591 eeteros
1082 1524 1309 1590 transmittant
1332 1532 1402 1589 taur
1424 1545 1485 1610 per
1499 1543 1559 1590 suu

366 1633 578 1718 subjectanea
604 1630 678 1698 loea
702 1653 802 1717 quam
825 1642 857 1698 et
881 1631 914 1698 in
937 1631 1060 1698 nostris
1083 1631 1288 1699 orationibus
1306 1631 1488 1698 mmmmm
1503 1628 1558 1697 ab·

365 1739 498 1807 batibus
510 1737 561 1805 vel
573 1737 751 1805 caenobiis.
775 1737 980 1805 Vestimenta
992 1746 1102 1805 autem
1115 1738 1185 1823 ejas
1197 1737 1390 1805 deferantur
1401 1736 1445 1804 ad
1456 1736 1558 1804 famu·

365 1847 414 1914 los
438 1844 622 1913 abluenda:
641 1827 689 1911 ‘de
707 1844 895 1926 bisantem,
919 1844 976 1930 qui
992 1842 1123 1911 lavator
1137 1843 1246 1926 luerit,
1270 1866 1371 1910 unum
1388 1843 1558 1911 denarium

365 1954 519 2038 arripiat.
554 1952 645 2018 Dum
669 1950 790 2017 luerint
814 1950 955 2017 nitidata
972 1952 1155 2019 camerario
1170 1950 1366 2036 reddantur,
1389 1953 1509 2037 etipse
1523 1951 1558 2018 in

365 2060 545 2146 capitulum
563 2058 691 2125 deserat
709 2079 814 2140 omne,
839 2057 992 2144 quicquid
1009 2079 1108 2143 super
1122 2057 1253 2125 lectulis
1268 2058 1378 2139 luerit,
1399 2079 1486 2144 quae
1501 2079 1560 2144 per

365 2167 494 2251 singula
517 2188 583 2235 non
607 2172 657 2231 est
680 2186 764 2251 opus
788 2164 996 2248 dinumerari,
1020 2163 1080 2230 sed
1102 2186 1207 2250 usque
1230 2164 1275 2233 sd
1297 2165 1466 2232 minimam
1484 2186 1558 2252 per·

365 2275 545 2357 reniamns,
578 2272 678 2339 etiam
702 2294 782 2338 acus
805 2271 1006 2358 deponetur,
1037 2279 1162 2357 quanto
1183 2273 1291 2358 magis
1315 2271 1392 2343 elia
1438 2271 1558 2339 Libros

365 2390 477 2448 autern
502 2381 529 2446 si
554 2378 645 2462 abes,
670 2380 703 2445 in
727 2379 869 2445 armario
892 2388 1060 2463 ponantur
1082 2387 1115 2445 et
1139 2378 1362 2466 unusquisque
1378 2377 1557 2447 seeundum

364 2487 452 2572 quod
470 2487 591 2572 accipit
609 2485 651 2552 de
663 2484 721 2552 illa
732 2507 767 2551 re
781 2492 815 2551 et
825 2486 855 2550 ei
866 2485 1077 2569 praecipitur,
1093 2484 1195 2553 faeiat
1205 2507 1266 2572 pro
1278 2484 1342 2552 boe
1354 2483 1558 2552 munusculo.

456 2593 492 2662 Si
517 2593 635 2683 obierit
661 2591 766 2659 frater
787 2601 861 2678 post
886 2592 1018 2658 missam
1042 2593 1199 2678 majorem
1222 2600 1256 2659 et
1279 2593 1413 2660 omnino
1433 2591 1558 2660 serrari

364 2727 430 2770 non
446 2704 552 2789 possit
568 2703 602 2768 in
618 2702 775 2785 erastino,
799 2702 871 2787 ipso
884 2701 937 2767 die
951 2702 976 2789 ][
992 2700 1206 2769 tumulandus
1222 2707 1291 2787 est3
1316 2703 1395 2787 quia
1418 2703 1559 2771 neceam

364 2822 417 2877 tas
440 2810 615 2897 permittit.
653 2808 695 2874 In
720 2809 865 2874 crastino
880 2814 991 2875 autem
1007 2809 1141 2874 missam
1157 2808 1388 2876 matutinalem
1403 2808 1556 2895 sollemp-

364 2920 450 2985 nites·
474 2938 535 3002 pro
559 2916 632 3003 ipso
656 2923 767 2999 agant,
793 2923 830 2981 ut
853 2936 922 2981 mos
945 2924 995 2981 est
1012 2915 1045 2981 in
1061 2914 1167 2981 efficio
1181 2914 1290 3001 pleno.
1326 2912 1363 2982 Si
1379 2915 1432 2982 oui
1448 2921 1557 2983 autem

363 3048 424 3112 per
454 3024 639 3108 sompnium
675 3023 745 3107 ipse
780 3020 954 3088 defunctus
989 3022 1181 3107 apparuerit
1214 3021 1249 3088 in
1284 3022 1449 3110 meslino,
1483 3042 1556 3089 oum

364 3130 594 3199 satisfactione
617 3130 723 3215 ipsam
747 3149 879 3195 (ausam
902 3135 1016 3195 notam
1038 3128 1155 3195 iaciat:
1179 3128 1260 3215 quia
1283 3126 1325 3196 de
1345 3126 1408 3197 boo
1423 3135 1557 3196 mactus

363 3239 573 3323 Augustinus
603 3236 668 3301 ait:
700 3235 816 3319 „Qun
849 3259 911 3302 troo
941 3237 1155 3322 derelinquid
1185 3258 1259 3303 crem
1292 3258 1375 3302 serus
1403 3238 1555 3323 angelus,

363 3348 525 3433 quamdiu
549 3366 623 3410 rura
641 3346 792 3428 potnerit
811 3345 1013 3430 aaeij'aoorr.“
1058 3339 1131 3422 Illi,
1163 3340 1220 3428 qui
1250 3342 1281 3408 ei
1312 3341 1383 3409 noti
1412 3339 1556 3422 luemnt,

363 3451 413 3518 rel
437 3452 488 3518 sui
512 3450 748 3534 consanguinei
776 3470 837 3534 pro
866 3446 953 3513 illius
983 3448 1219 3516 intercessione
1249 3456 1352 3534 atque
1381 3446 1556 3515 saluberri-

364 3582 491 3627 marum
515 3559 692 3623 missarum
715 3553 954 3623 offerendarum
970 3554 1033 3621 deo
1049 3575 1164 3620 sacrae
1179 3554 1414 3622 immolationis
1428 3554 1557 3624 hostiae

363 3667 415 3733 vel
437 3665 702 3750 elemosynarum
726 3662 964 3729 condonatione
973 3660 999 3748 ¹)
1022 3660 1237 3746 legationem,
1272 3684 1335 3749 pro
1357 3662 1478 3748 quibus
1500 3655 1558 3732 do·

363 3776 472 3841 minus
498 3770 614 3858 procul
638 3770 739 3836 dubio
763 3768 996 3854 propitiabitur
1018 3769 1049 3835 ei
1072 3768 1135 3834 nisi
1157 3777 1227 3835 tarn
1250 3769 1362 3854 granis
1384 3761 1557 3838 commissa

365 3882 463 3965 culpa
486 3880 540 3959 sit,
565 3885 603 3943 ut
626 3874 788 3943 orandum
820 3897 885 3942 uon
915 3876 958 3942 sit
981 3897 1041 3962 pro
1064 3897 1114 3945 eo.
1148 3873 1219 3943 sie
1248 3874 1368 3943 beatam
1391 3875 1557 3963 johannes

364 3987 462 4070 dicit,
499 3991 536 4050 ut
560 4004 627 4049 non
650 3989 763 4049 oretur
786 4004 845 4066 pro
869 3981 977 4066 impiis
1000 3980 1180 4065 defunctis,
1212 3981 1302 4067 quod
1332 3982 1420 4050 absit
1449 3991 1487 4052 ut
1515 4004 1557 4052 ex

364 4100 478 4160 nostro
502 4088 619 4155 ordine
643 4088 808 4175 aliquibus
831 4090 1001 4173 contingat
1010 4087 1037 4177 ¹)
1061 4093 1130 4154 tum
1161 4087 1260 4156 debet
1288 4111 1362 4156 eum
1385 4087 1556 4159 absolvere

364 4199 505 4265 domnus
528 4194 646 4275 abbas,
669 4194 721 4261 rel
745 4195 799 4262 ille
822 4196 877 4280 qui
900 4193 1049 4262 ordinem
1073 4196 1232 4276 tenuerit,
1262 4195 1321 4263 illo
1350 4203 1499 4283 tempora
1528 4199 1556 4265 si

363 4303 468 4371 abbas
491 4301 645 4384 deluerit,
673 4309 707 4368 et
729 4300 793 4369 boe
811 4302 939 4387 jubere,
962 4310 1000 4368 ut
1022 4322 1135 4368 omnes
1158 4301 1348 4370 secerdotes
1371 4309 1473 4388 agant
1494 4325 1555 4390 pro

363 4434 403 4478 eo
426 4410 572 4490 missam,
596 4408 655 4474 alii
679 4409 816 4491 iratres,
848 4409 904 4495 qui
928 4430 994 4476 non
1017 4407 1144 4489 valent,
1174 4407 1301 4475 saciant
1329 4408 1555 4496 adjumentum

363 4518 405 4584 de
429 4515 623 4605 psalmodiis
646 4516 731 4583 sieut
752 4514 950 4601 imperatum
973 4513 1022 4581 eis
1045 4514 1153 4583 luerit.

363 4673 580 4683 u..-

455 4749 614 4819 „m
