3792 5375
789 496 833 509 .-
882 460 948 524 189
994 492 1038 504 .-

316 653 460 718 seuiores
476 653 509 719 in
527 652 672 721 ernau-0
689 653 804 721 sedent
821 656 892 721 sine
908 649 1110 719 conductore
1125 672 1166 717 ex
1182 651 1349 719 nronaclria
1364 652 1506 719 trmaire

316 780 520 843 nequaquam
537 762 748 846 permittitur.
781 758 972 829 Discuitiati
987 757 1086 825 nullia
1101 757 1190 824 lroria
1205 757 1358 826 incedere
1373 756 1504 826 debent.

316 866 405 931 Ante
439 864 613 934 luminaria
641 869 779 953 jaceant
809 870 843 936 in
873 887 968 949 uino,
1003 865 1060 951 qni
1094 865 1200 950 ipsum
1235 864 1343 932 lumen
1377 886 1506 953 aemper

314 981 490 1057 procurent
513 975 719 1045 reviviscere.
751 976 922 1043 Exeuntea
938 971 1150 1058 completorio
1165 994 1285 1058 aquam
1300 970 1505 1040 benedictam

314 1080 375 1164 ipsi
399 1081 468 1165 egri
491 1080 611 1147 cotidie
636 1082 813 1167 accipiant,
836 1103 934 1170 qnam
958 1080 1005 1147 ini
1028 1089 1107 1147 ante
1118 1080 1256 1164 januam
1271 1087 1504 1167 praeparatam

313 1187 490 1254 inveniant.
525 1188 572 1253 Et
595 1188 724 1254 illorum
749 1190 903 1259 custodes
927 1186 1128 1272 singulorum
1150 1187 1245 1254 lectis
1267 1208 1388 1272 aquam
1407 1185 1504 1252 bene·

313 1291 434 1360 dictam
458 1302 649 1380 aspergant.
686 1294 869 1363 Laternmn
885 1316 996 1363 eccum
1016 1293 1169 1373 ferentes,
1194 1303 1368 1380 postquam
1390 1314 1504 1361 omnea

310 1399 379 1481 jam
404 1402 624 1486 requiescunt,
649 1403 836 1489 perspicere
860 1401 983 1469 delient
1006 1400 1148 1485 qualiter
1171 1401 1391 1486 unusquisqne
1414 1407 1502 1486 agat.

311 1505 459 1573 Candela
484 1508 591 1593 igitur·
607 1532 668 1596 per
690 1529 957 1596 unamquamque
972 1529 1012 1574 er
1030 1506 1110 1594 ipsis
1125 1506 1254 1575 cellulis
1268 1505 1384 1574 ardeat
1399 1528 1502 1592 usque

313 1634 421 1688 irinum
453 1613 503 1680 rel
536 1615 583 1682 aic
615 1625 813 1701 coaptentur
835 1618 869 1684 in
893 1613 959 1682 illis
982 1613 1106 1681 cellulis
1128 1636 1215 1700 quae
1236 1614 1393 1681 viciniora
1414 1622 1502 1696 aunt,

313 1730 346 1785 ut
371 1721 478 1805 posita
502 1721 678 1790 luminaria
702 1725 735 1790 in
760 1723 932 1791 senestulia
955 1722 1090 1808 panetio
1106 1732 1141 1789 nt
1157 1720 1253 1789 arabe
1266 1721 1501 1803 illuminentur,

310 1828 336 1893 si
361 1829 467 1895 minus
491 1829 579 1896 nnrle
593 1830 703 1897 lumen
721 1831 925 1899 accendatur
947 1826 1111 1914 habuerit,
1134 1837 1191 1896 aut
1215 1828 1349 1895 inveniri
1368 1827 1501 1895 minime
1602 1835 1613 1845 “

309 1936 422 2021 possit,
447 1943 483 2003 ut
506 1958 567 2022 per
589 1937 718 2023 singula
741 1937 869 2009 ardeat

416 2168 508 2246 Item
537 2171 700 2249 infirmos
731 2173 863 2250 lratrea
892 2172 945 2249 sic
973 2172 1109 2248 debent
1135 2172 1255 2248 visere
1282 2172 1400 2248 aodea

397 2363 497 2431 LIII.
528 2365 656 2433 Multas
678 2369 830 2454 superius
852 2388 972 2435 caueae
993 2366 1283 2454 praetennieimua,
1306 2387 1390 2453 quaa
1411 2388 1498 2435 nunc

306 2470 449 2538 inserere
465 2470 601 2557 dignum
617 2472 777 2542 ducimus.
809 2474 846 2543 Si
862 2473 983 2560 aliquia
1001 2473 1107 2541 irater
1128 2474 1171 2542 de
1193 2473 1498 2561 clanstruroluerit

305 2576 467 2644 infirmum
484 2579 629 2665 aliquem
646 2583 791 2665 visitare,
816 2582 965 2671 requirat
980 2601 1001 2648 a
1014 2582 1123 2667 priore
1144 2581 1321 2665 licentiam,
1332 2580 1414 2649 nine
1430 2603 1497 2671 qua

305 2684 492 2752 nullatenus
516 2686 615 2756 debet
638 2690 775 2761 intrare.
822 2691 973 2777 Cumque
995 2689 1163 2756 licentiam
1183 2686 1338 2757 habuerit
1358 2689 1496 2777 incipiat

306 2790 485 2876 psalmum,
516 2798 662 2864 Domine
684 2823 725 2866 ne
746 2803 782 2867 in
795 2804 926 2886 surore
947 2812 1003 2865 tuo
1024 2794 1188 2882 primumi
1209 2797 1382 2883 ipsumque
1403 2796 1496 2866 dicat

306 2901 338 2964 in
368 2900 504 2985 itinere3
536 2911 613 2989 post
642 2904 807 2989 psalmum
831 2906 938 2988 dicat,
969 2907 1077 2972 Pater
1100 2919 1220 2975 noster.
1266 2907 1410 2975 Salvam
1427 2910 1495 2991 sac

305 3031 440 3075 servum
462 3023 567 3078 taam.
616 3015 713 3081 ulline
736 3016 768 3080 ei
789 2993 927 3083 domini
941 3018 977 3078 et
998 3011 1121 3094 oratio,
1147 3012 1357 3100 Omnipotens
1376 3018 1494 3100 sempi-
1536 3047 1540 3056 ·

304 3128 395 3181 terne
417 3118 521 3200 Deus,
546 3121 642 3187 salus
664 3133 812 3189 aeterna.
848 3120 932 3188 Cum
956 3120 1126 3205 perveniet
1147 3118 1192 3186 ad
1214 3119 1378 3188 infirmum
1394 3118 1494 3202 (licat,

307 3226 499 3292 llerrrdr'cite.
535 3225 666 3295 Deinde
689 3229 871 3313 interroget
894 3249 969 3295 eum
993 3225 1035 3293 (le
1059 3226 1249 3296 infirmitate
1272 3249 1332 3296 aaa
1354 3226 1496 3314 qualiter

303 3328 450 3414 laboret,
481 3339 514 3399 et
543 3334 642 3418 quale
666 3336 860 3420 patientiam
892 3333 1017 3403 lrabeat
1045 3341 1080 3401 et
1106 3334 1228 3404 bonam
1257 3333 1493 3403 exortationem

303 3437 470 3505 adhibeat.
517 3439 570 3506 De
601 3443 831 3527 corporalibus
862 3464 939 3511 vero
969 3442 1051 3509 nihil
1080 3443 1269 3528 interroget.
1315 3439 1351 3510 Si
1381 3448 1494 3510 antem

304 3544 407 3610 frater
438 3538 588 3613 intinuu's
626 3549 651 3634 ][
690 3548 732 3617 tle
770 3550 883 3637 aliqua
921 3550 1118 3617 necessitate
1155 3548 1410 3637 complanxerit,
1448 3549 1493 3616 ad

303 3652 443 3735 priorem
475 3654 609 3720 veniens
640 3654 747 3723 dicat:
780 3679 841 3745 per
876 3663 1020 3724 restrum
1050 3656 1218 3724 licentiam
1251 3654 1295 3722 erl
1327 3654 1492 3724 infirmum

303 3757 394 3823 illum
427 3761 516 3843 reni,
549 3770 599 3828 set
630 3762 672 3830 de
705 3765 826 3832 talibus
858 3765 957 3833 rebus
987 3764 1246 3850 quaerimoniam
1269 3763 1388 3832 audiri.
1434 3762 1491 3832 At

302 3864 443 4036 prilprem
459 3875 569 3934 autern
585 3871 731 3956 pertinet
747 3871 788 3939 de
804 3873 937 3952 talium,
962 3873 988 3938 si
1008 3872 1129 3958 justum
1154 3871 1262 3956 luerit,
1284 3870 1492 3958 providentia

301 3971 343 4035 ira
368 3991 433 4038 ere.

390 4078 488 4146 Item.
535 4080 658 4148 Frater
688 4103 766 4148 reru
796 4081 852 4166 qui
882 4099 944 4167 pro
975 4098 1035 4144 aua
1066 4078 1256 4145 infirmitate
1285 4078 1426 4145 mittitur
1455 4078 1490 4146 in

300 4184 500 4253 irrtimrornm
530 4187 631 4254 domo
661 4196 695 4254 et
726 4188 771 4254 ibi
801 4186 974 4254 dormierit
1002 4192 1103 4271 atqne
1133 4185 1328 4268 comederit,
1357 4206 1489 4254 carnem

301 4299 411 4359 tumen
440 4314 505 4361 non
537 4293 662 4379 ederit,
698 4295 726 4360 si
757 4294 895 4362 uoluerit
926 4314 1065 4380 pergere
1094 4292 1128 4359 in
1157 4291 1345 4375 eccleciam,
1379 4299 1490 4380 puteat

299 4399 440 4467 transire
462 4422 523 4486 per
546 4407 741 4468 conventum
765 4401 922 4481 fratrum,
954 4400 981 4467 si
1004 4407 1133 4486 tempus
1156 4398 1256 4467 luerit
1277 4398 1431 4486 loquendi
1453 4400 1488 4467 in

300 4506 461 4590 clanstro3
498 4507 569 4593 ipse
605 4516 716 4575 tamen
751 4507 829 4574 dum
861 4508 995 4574 veniens
1025 4509 1212 4576 Benedicite
1240 4505 1328 4576 dicat
1343 4512 1392 4573 et
1420 4512 1487 4574 eat.

300 4612 444 4682 Sedendi
483 4622 542 4681 aut
576 4613 795 4700 conloquendi
833 4636 900 4683 non
939 4621 992 4681 eat
1029 4614 1061 4679 ei
1097 4613 1238 4699 licitum,
1281 4634 1408 4682 necnon
1442 4611 1487 4680 nd
