3792 5375
802 654 834 663 -
874 624 911 680 pp
949 654 982 663 -.

303 809 334 867 ct
361 802 413 880 ,in
436 811 505 867 toto
527 817 661 886 regum,
692 812 726 868 ut
752 802 863 867 scribit
888 802 1003 886 Hngo,
1035 801 1137 867 abbas
1163 800 1371 888 Far·lensis,¹)
1398 822 1483 878 ,non

302 908 526 975 inveniebatur
555 909 659 976 similo
695 909 743 975 illi
774 912 973 976 rnonasterio
1004 911 1037 975 in
1068 910 1193 975 cunctis
1223 908 1316 974 bonis
1347 916 1483 993 excepto

303 1016 516 1096 rnonasterio,
552 1016 639 1102 quod
675 1026 813 1082 rocatur
841 1015 1049 1097 Nonantule,
1085 1015 1143 1082 scd
1179 1037 1243 1081 non
1278 1037 1318 1081 es
1342 1024 1422 1101 toto,
1447 1023 1482 1082 ut

302 1121 411 1207 plures
435 1121 608 1190 intentus·

389 1230 453 1316 eri
478 1227 597 1295 timens
621 1230 777 1296 abbatiae
801 1239 907 1296 status
931 1231 1058 1296 decimo
1082 1225 1212 1296 sacculo
1236 1230 1269 1296 in
1284 1231 1380 1317 pejus
1396 1251 1482 1296 com·

301 1341 446 1402 limbatas
469 1343 530 1403 est.
577 1336 736 1404 Saraceni
760 1337 881 1403 Italiac
905 1338 1059 1404 centralis
1083 1338 1231 1416 regiones
1260 1336 1483 1417 devastantes,

301 1443 462 1528 regionem
499 1466 629 1529 qrroque
664 1444 821 1511 Sabinam
852 1446 1040 1510 invaserunt
1072 1445 1369 1529 nronastcriumque
1400 1442 1482 1510 Far·

301 1549 392 1616 sense
414 1572 434 1616 a
457 1550 559 1617 Petro
582 1550 702 1617 abbate
730 1560 762 1616 et
793 1552 960 1618 rrrouacbis
987 1550 1120 1618 taudem
1152 1551 1343 1618 derelictum
1373 1571 1483 1637 posse·

301 1656 428 1724 (lerunt.
481 1657 630 1741 Triginta
667 1658 736 1726 iere
772 1681 876 1724 annos
906 1659 1019 1725 exules
1050 1658 1199 1724 rrrorraclri
1231 1657 1290 1725 sub
1320 1657 1483 1724 Ratiredo

300 1763 420 1831 abbate
443 1768 485 1850 (c.
502 1767 696 1853 nas-nan)
727 1766 770 1832 ad
799 1789 859 1832 sua
882 1767 1004 1833 reversi
1025 1765 1231 1833 derastatnnr
1255 1787 1295 1832 ac
1319 1764 1482 1851 direptum

299 1873 527 1939 monasterium
545 1873 750 1940 reaedificari
774 1880 964 1959 coeperunt,
988 1873 1046 1939 scd
1070 1874 1153 1961 prob
1177 1873 1288 1939 dolor!
1326 1870 1482 1940 llatlredi

300 2000 503 2046 successores
526 1979 703 2047 secnmlmn
736 1980 902 2046 saeculnm
932 1982 1077 2047 rirentes
1107 1990 1138 2046 et
1170 1978 1354 2066 spiritualia
1383 1977 1484 2064 negli-

298 2093 411 2164 gentes
426 2108 542 2153 noram
558 2087 713 2153 abbatiae
729 2095 760 2153 et
779 2085 1041 2170 congregationis
1061 2088 1189 2153 ruinam
1207 2087 1482 2153 acceleraverunt

300 2192 440 2260 Frustra
463 2194 639 2261 Albericus
662 2194 812 2280 «pridem,
844 2194 1069 2260 Romanorum
1092 2194 1250 2278 patricius
1277 2193 1484 2280 (932-950

299 2299 456 2367 bonormn
480 2304 669 2369 rrnmastcrii
694 2301 931 2386 dilapidatores
955 2301 1144 2386 nequissimi
1167 2301 1293 2388 espnlit
1314 2300 1484 2388 ipsamque

300 2406 466 2474 abbatiam
501 2407 608 2475 Odoni
644 2408 855 2475 Cluniaeensi
889 2408 1034 2494 praesuli
1068 2408 1238 2477 eonunisit.
1292 2405 1484 2492 Dagoberto
1573 2419 1576 2426 '

300 2514 459 2581 monacbo
492 2514 535 2581 ab
565 2515 684 2582 Orlone
714 2511 836 2581 abbate
866 2516 961 2581 istius
991 2515 1054 2582 loci
1087 2516 1266 2582 constituto
1296 2534 1485 2600 venenoque

299 2621 504 2710 interempto,
527 2623 654 2709 priores
676 2622 846 2690 invaseres
863 2622 971 2690 derruo
987 2622 1155 2691 redierunt
1171 2629 1206 2689 et
1219 2620 1357 2710 praedia
1372 2642 1484 2690 mona·

299 2730 391 2795 sterii
413 2730 466 2795 ris
490 2737 685 2817 recuperata
708 2730 830 2797 iterum
853 2730 968 2798 ablata
991 2730 1114 2817 sunt.¹)

388 2837 488 2903 Anno
518 2835 658 2923 denique
689 2837 897 2922 sarnago,
930 2837 965 2905 S.
989 2837 1114 2925 Quirici
1144 2838 1178 2905 in
1207 2844 1318 2907 monte
1347 2838 1485 2907 Amiato

299 2941 491 3025 monaclms,
526 2944 704 3011 simoniace
735 2944 907 3012 Fariensis
937 2945 1096 3013 ccclesiae
1125 2944 1316 3031 guberninm
1346 2946 1484 3032 accepit

299 3051 396 3137 Quod
419 3073 492 3117 emn
509 3050 591 3118 Otto
614 3053 806 3137 imperator,
829 3052 944 3118 iisdem
969 3053 1172 3139 temporibus
1194 3052 1321 3120 Romae
1344 3075 1485 3119 commo-

299 3179 376 3224 rans
399 3158 555 3243 audisset,
581 3159 642 3241 ,ei,
665 3159 744 3245 qnia
768 3160 946 3244 imperialis
967 3159 1123 3227 abbatiae
1139 3159 1263 3246 absque
1278 3160 1487 3247 imperatoris

299 3286 458 3332 consensu
482 3266 625 3349 regimen
648 3273 842 3353 usurpasset
865 3273 899 3334 et
921 3266 1010 3351 quod
1034 3266 1179 3334 deterius
1194 3274 1282 3334 esset
1296 3289 1318 3335 a
1332 3266 1485 3335 Romarm

301 3370 457 3439 Pontiliee
486 3374 635 3456 emisset,
669 3381 849 3459 propterea
878 3372 1047 3440 abbatiam
1078 3373 1189 3441 debito
1219 3395 1292 3441 eum
1322 3373 1485 3442 dedecore

299 3479 465 3561 abstulit,“
492 3502 566 3546 mox
591 3487 713 3563 tamen,
738 3481 792 3547 die
817 3486 860 3547 22
877 3479 1060 3562 Februarii,
1084 3479 1317 3547 monachorum
1332 3480 1486 3567 precibus

299 3595 463 3672 permotus
486 3608 559 3653 eum
583 3587 776 3675 restitnit⁸)
824 3586 889 3657 Vix
914 3611 1063 3655 resersus
1086 3588 1186 3673 Hngo
1215 3587 1295 3654 nibil
1318 3588 1486 3674 antiquius

299 3691 424 3779 babuit,
453 3716 551 3781 qrram
575 3703 610 3761 ut
634 3694 815 3781 collapsam
839 3696 1030 3763 monasterii
1054 3694 1260 3782 disciplinam
1282 3700 1487 3763 restauraret

300 3801 505 3888 tandemque,
530 3810 565 3868 ut
589 3802 622 3868 in
638 3802 766 3868 intento
782 3802 967 3889 proficeret,
992 3801 1257 3869 cluniacensium
1273 3823 1351 3869 usus
1373 3823 1486 3869 mona·

299 3907 431 3975 eborum
461 3931 593 3976 suorum
624 3908 710 3975 ulnis
733 3910 898 3997 imposuit.
945 3908 1014 3977 Sed
1043 3908 1107 3977 bac
1137 3910 1180 3977 ‹le
1208 3932 1245 3977 re
1275 3909 1362 3978 inira
1391 3909 1487 3977 nobis

299 4015 507 4083 tractandum
531 4023 593 4086 cst.

388 4121 651 4191 consuetudines
674 4123 759 4190 istae
783 4124 894 4211 prouti
917 4124 1040 4191 Farsae
1064 4124 1107 4191 ab
1131 4124 1273 4210 Hugone
1297 4123 1419 4192 abbate
1437 4124 1485 4191 in·

301 4229 471 4297 traductae
483 4238 516 4297 et
529 4253 717 4298 successore
729 4231 800 4317 ejus
812 4231 967 4299 Gnidone
979 4232 1194 4299 confirmatae
1209 4239 1286 4300 sunt
1301 4232 1335 4299 in
1351 4254 1417 4300 uno
1429 4231 1487 4299 ad·

299 4334 363 4403 lmc
379 4337 490 4404 codice
506 4339 601 4404 nobis
622 4339 870 4426 asservantem)
892 4338 1020 4406 Romae
1034 4339 1068 4406 in
1084 4337 1292 4406 ltibliotbeca
1309 4338 1485 4409 Vaticana

390 4515 412 4583 ¹)
430 4516 503 4572 lion.
521 4516 614 4573 Gerra.
632 4516 678 4573 Ss'.
697 4517 747 4587 Xl,
766 4516 829 4575 538.
936 4516 960 4586 'l
980 4518 1052 4575 llam
1070 4517 1162 4574 Germ.
1180 4517 1231 4575 loc.
1250 4517 1296 4574 cit.
1316 4532 1343 4590 p.
1361 4516 1425 4575 b'ltl.

388 4604 411 4674 ⁸)
429 4604 566 4662 llabillou.
584 4605 684 4661 Amal.
702 4604 737 4661 0.
754 4606 783 4664 Β.
801 4608 834 4664 Β.
852 4606 901 4676 lv,
920 4606 984 4662 109.

390 4695 410 4764 ⁶)
429 4695 541 4764 Delisle,
568 4694 726 4752 lurentalrc
754 4695 803 4753 dea
831 4696 995 4753 manscrits
1023 4696 1057 4752 dc
1081 4697 1109 4753 la
1134 4696 1324 4768 Bibliotheque
1347 4695 1487 4755 Narmal

301 4782 390 4839 roura
409 4783 443 4840 de
460 4783 549 4853 tlrml,
573 4783 668 4857 paro
685 4783 737 4841 snb
755 4785 806 4842 Na.
819 4785 874 4840 ‘2⁰0
891 4784 960 4841 citat
981 4788 1145 4855 ,l'ontumes
1170 4785 1204 4843 de
1222 4785 1310 4857 (luni,
1334 4785 1488 4844 mmeblim
