3792 5375
315 1411 317 1414 -
398 1369 502 1434 ltodic
530 1369 608 1434 terrie
637 1369 757 1433 alatrini.
802 1362 934 1430 Cantici
965 1359 1157 1446 epsalmis,
1190 1363 1347 1428 Laetatur
1373 1385 1456 1429 suin.
1502 1367 1583 1433 nati
1693 1395 1695 1399 ³

866 567 907 577 -
958 501 1112 593 isa-

397 730 502 795 altare
537 726 664 811 singula
698 723 847 793 candela.
892 720 1067 789 Canticum
1101 719 1262 804 graduum
1297 719 1478 805 expletum,
1514 727 1583 788 tres

397 835 618 921 adjungantur
641 841 718 900 ante
741 830 951 916 majorarrr;¹)
974 836 1007 895 et
1031 828 1160 912 singula
1177 827 1360 913 posteriora
1375 827 1488 913 ipsius.
1523 828 1582 896 Ad

396 941 617 1007 invitatorium
640 939 705 1006 duro
721 937 840 1004 iratres
857 936 923 1003 sint
939 936 1053 1021 cappis
1069 933 1279 1018 circurudati3
1302 934 1420 1019 ipsum,
1435 938 1581 1003 Doricum

395 1052 464 1115 Dei
485 1052 576 1114 cieret
596 1048 791 1113 sanctitudo.
839 1042 980 1121 annns‚
1017 1043 1105 1109 Urbs
1128 1044 1234 1109 brata.
1281 1038 1456 1109 Lectiones
1480 1048 1581 1128 atque

396 1153 601 1239 responsoria
633 1150 805 1237 adipsum
830 1150 915 1216 diem
941 1146 1185 1231 convenientia3
1216 1153 1387 1233 spirantum,
1418 1155 1580 1233 octavum,

395 1259 622 1326 duodecimum
654 1280 674 1325 a
704 1256 832 1323 duobus
863 1255 1089 1322 decantentur.
1142 1249 1199 1319 Ad
1229 1254 1360 1320 cantica
1389 1255 1581 1341 antiphona,

397 1476 569 1540 Dominus.
617 1476 736 1539 Laride
770 1472 971 1539 hierusalem
1006 1471 1192 1536 donuinam:
1233 1465 1326 1534 Tunc
1359 1467 1581 1556 adjungentur

395 1580 511 1664 ruajari
534 1579 634 1646 altari
657 1578 722 1645 ‹luo
745 1577 920 1644 luminaria
942 1576 1101 1656 anterius,
1125 1574 1274 1641 similiter
1296 1583 1329 1641 et
1347 1577 1521 1662 posterius,
1543 1579 1582 1646 in

394 1689 521 1772 pertica
544 1685 740 1771 quindecim.
780 1684 821 1751 In
844 1682 997 1750 laudibus
1019 1682 1263 1767 responsorium
1287 1680 1385 1749 breve
1408 1684 1501 1770 pueri
1523 1683 1579 1753 de·

221 1824 253 1853 ο.
280 1817 305 1850 .·.
394 1800 528 1860 cantent
550 1793 576 1881 ][
599 1791 643 1859 ad
665 1791 797 1877 gradus.
837 1790 978 1873 annus,
1002 1790 1198 1875 Airgrclaris
1215 1792 1486 1874 suiedanrertnm.
1522 1791 1580 1859 Ad

132 2669 172 2714 (ι)
188 2666 262 2719 Apes.
272 2667 332 2718 xxi,
342 2670 363 2710 t.

132 2776 172 2820 (δ)
188 2774 250 2815 Luc.
266 2775 326 2823 ΧΙΧ.
342 2777 363 2817 2.

394 1899 567 1967 stationem
592 1899 849 1985 responsorium,
874 1900 1019 1964 Damion
1042 1909 1136 1963 trram
1160 1896 1262 1978 decet,
1291 1903 1325 1963 et
1347 1896 1455 1966 oratio
1476 1898 1581 1985 ipsius

394 2006 468 2077 diei.
515 2006 599 2075 Tres
628 2006 787 2074 candelae
812 2003 1037 2073 accendantur
1060 2001 1104 2069 ad
1127 2001 1238 2070 boras.
1283 2002 1423 2071 Missam
1446 2007 1579 2073 matuti-

393 2113 499 2181 nalem
523 2121 625 2200 agant
646 2114 680 2180 iu
704 2113 881 2181 oratorium
910 2119 1045 2177 sanctroe
1068 2108 1203 2177 mariae.
1248 2108 1306 2177 Ad
1328 2111 1484 2198 majorem
1507 2113 1579 2179 uni·

394 2222 479 2288 rersi
513 2219 702 2289 sacerdotes
741 2228 842 2304 atrpue
877 2217 1009 2284 diaconi
1043 2215 1166 2283 debent
1200 2238 1272 2285 esse
1306 2218 1417 2285 vestiti
1453 2221 1577 2307 cappis.

393 2325 602 2394 Candelabra
632 2327 774 2413 quinque
804 2334 1012 2404 antennam,
1042 2332 1076 2391 et
1099 2324 1283 2409 posteriora
1304 2325 1380 2392 tria.
1425 2324 1580 2396 Infantes

392 2435 513 2521 qnippe
536 2455 649 2501 omnes
671 2435 736 2501 sint
760 2433 877 2500 tunicis
900 2431 1064 2499 adornati.
1110 2428 1280 2513 Officium,
1317 2434 1493 2502 Terribilis
1519 2451 1576 2505 est.

392 2538 526 2624 Orestia
560 2544 656 2609 Dias
689 2544 748 2630 qui
779 2562 838 2607 aas
861 2553 927 2626 per
957 2541 1106 2624 singulos
1136 2561 1250 2606 annos.
1301 2537 1470 2626 Epistola,
1502 2544 1581 2613 Vidi

392 2652 558 2717 cir-itatem
588 2647 791 2717 sanctarii.(¹l
834 2645 1110 2732 Responsorium,
1149 2648 1254 2713 Locus
1287 2649 1349 2715 iste
1378 2672 1401 2716 a
1430 2651 1490 2717 deo
1519 2664 1577 2721 est.

391 2757 547 2843 ‚ilicone
573 2757 740 2824 Adorabo.
779 2754 1007 2841 Evangelium,
1032 2757 1121 2821 Erat
1144 2758 1198 2822 vir
1214 2755 1397 2837 natanael
1422 2756 1456 2823 in
1476 2757 1577 2825 resec-

391 2862 511 2928 torium
535 2861 669 2929 tabulae
693 2863 933 2949 cooperiantur.
980 2859 1038 2927 Ad
1069 2881 1240 2946 vesperam
1271 2861 1469 2949 antiphona,
1499 2869 1579 2934 Erit

391 2972 475 3036 siritii
503 2972 663 3038 dontinus.
708 2967 880 3054 Psalnrus,
910 2972 1012 3037 Dixit
1040 2970 1202 3039 doritinns.
1249 2967 1460 3055 Antiphone,
1494 2973 1602 3061 Cam,

390 3076 592 3160 sibilasset.
633 3075 794 3160 Psalmus,
818 3079 979 3144 Laetatur
1001 3098 1085 3145 snm.
1125 3075 1332 3161 Antiphona,
1356 3079 1431 3146 Non
1454 3092 1503 3147 est
1522 3082 1577 3149 liic

389 3185 495 3251 alircd.
548 3180 719 3268 Psalmis,
753 3187 834 3252 Nisi
866 3187 1028 3252 daritiam.
1078 3181 1291 3268 Antiphona,
1335 3186 1425 3253 Vidit
1457 3188 1576 3264 Jacob.

390 3287 560 3372 Psalmus,
591 3292 711 3358 Lauda
741 3293 953 3359 hierusalem.
999 3288 1149 3374 Ymnus‚
1179 3292 1267 3359 Urbs
1295 3293 1400 3362 beata.
1447 3289 1576 3380 Oratio,

389 3397 483 3463 Deus
507 3398 567 3485 qui
586 3398 678 3464 nobis
694 3410 760 3485 per
781 3400 932 3484 singulos
955 3420 1068 3468 annos.

478 3500 726 3573 CXXXVIII.
762 3503 847 3571 Item
869 3503 1002 3591 quando
1025 3505 1098 3589 ipsa
1120 3502 1318 3572 caelebritas
1347 3505 1519 3575 advenerit
1540 3508 1576 3576 in

389 3610 631 3696 septuagesima
666 3632 723 3678 seu
758 3612 962 3698 sexagesima
994 3612 1107 3678 omnia
1141 3610 1267 3679 saciant
1301 3613 1574 3700 quemadmodum

388 3725 619 3800 praenotatum
644 3725 710 3785 est:
735 3726 769 3786 et
791 3718 853 3785 boc
876 3717 1009 3804 quidem
1032 3717 1216 3806 adjungant
1239 3719 1283 3789 ad
1306 3721 1457 3789 missum:
1491 3720 1574 3789 Dia·

388 3843 489 3891 conus
513 3831 614 3911 atque
637 3823 856 3892 subdiaconus
879 3825 1019 3892 induant
1034 3847 1070 3892 se
1093 3826 1225 3911 casulis,
1250 3828 1369 3896 Gloria
1384 3834 1420 3897 iu
1435 3831 1574 3897 excelsis

387 3934 459 3997 Deo
482 3951 548 3999 non
570 3939 733 4017 personet.
764 3929 1032 4017 Responsorium,
1051 3933 1157 4001 Locris
1173 3938 1234 4003 iste
1249 3958 1271 4002 a
1287 3938 1369 4004 Deo.
1403 3934 1572 4020 ursatum,

390 4037 458 4118 Qui
472 4040 645 4126 respiciant.
685 4042 735 4106 lte
751 4041 860 4108 Missa
883 4054 940 4122 cst,
964 4060 1025 4107 nec
1048 4039 1206 4127 imponat.
1247 4039 1421 4128 Sequitur:
1445 4044 1575 4112 sivero

387 4142 473 4211 inira
496 4144 837 4233 quinquagesimam)
869 4146 983 4214 autin
1006 4147 1184 4216 novissimo
1214 4147 1455 4233 adventaverit,
1486 4151 1573 4218 sicut

387 4270 456 4317 mos
480 4260 532 4318 est
554 4251 666 4320 tacere
688 4251 754 4319 illis
777 4251 880 4335 sestis,
904 4273 990 4338 quae
1013 4253 1045 4319 in
1070 4252 1156 4321 albis
1179 4254 1381 4339 caelebrant,
1411 4256 1459 4323 ita
1481 4258 1573 4324 etin

386 4358 449 4423 ista
473 4365 625 4443 agantur.

476 4604 634 4675 aa...
