3792 5375
805 405 1053 468 -141-

658 616 717 692 ,to
746 616 989 693 ordinandum
1016 617 1198 699 sbbstent

426 772 492 842 111.
517 772 662 839 Primum
686 773 815 858 eligitur
838 773 880 840 nb
903 773 991 841 omni
1014 772 1269 861 congregatione
1283 772 1317 839 iu
1332 773 1517 860 prsesemis

337 880 479 965 episcopi
510 880 656 965 ejusdem
686 878 844 948 dioecesis
874 889 908 948 et
930 882 1079 961 senioris,
1103 879 1147 947 ed
1170 901 1267 966 quern
1290 878 1426 947 sbbstis
1446 900 1516 964 per·

336 986 430 1068 tinet,
452 985 578 1071 absque
602 985 668 1052 ullo
692 986 862 1073 muuere¹)
892 986 942 1054 rel
967 986 1116 1073 pecunie,
1140 987 1221 1073 quis
1244 988 1438 1055 maledictus
1460 991 1518 1074 qni
1625 1074 1632 1080 .

336 1095 402 1173 dat,
427 1094 621 1159 eeeuledictns
644 1097 704 1177 qni
724 1095 853 1180 accepit
901 1091 996 1160 Tunc
1025 1101 1185 1179 perceptu
1211 1091 1255 1160 sb
1277 1113 1317 1161 eo
1340 1092 1515 1160 donatione

335 1205 368 1264 et
380 1197 535 1264 roborutu
559 1196 601 1264 ub
617 1198 765 1265 erunibus
780 1198 952 1281 electione,
975 1199 1090 1284 incipit
1104 1199 1277 1286 episcopus
1293 1198 1514 1286 sutipbunsns,

339 1306 505 1392 Confirmet
521 1308 580 1372 hoc
596 1307 684 1388 dens,
700 1307 789 1394 qnod
801 1318 859 1374 etc.
891 1303 996 1390 Quem
1012 1304 1223 1392 subsequitur
1236 1304 1264 1395 ][
1278 1306 1385 1373 ononis
1398 1303 1515 1373 &orus

336 1410 542 1495 psallentium
566 1410 713 1477 canendo
730 1411 878 1478 excelsae
894 1411 1066 1498 psalmum,
1079 1413 1241 1499 &urget
1254 1416 1358 1482 Dens.
1396 1409 1514 1500 sicque

334 1540 407 1584 cuns
431 1526 523 1583 tuoto
547 1517 710 1604 triumpho
726 1524 840 1584 tenens
856 1518 1029 1605 episcopus
1051 1538 1137 1601 euru,
1160 1519 1217 1605 qui
1236 1516 1512 1599 ordinandusest,

336 1625 469 1710 ruunu¹)
500 1624 644 1691 deducet
673 1647 746 1692 eum
775 1626 810 1691 iu
840 1625 1069 1709 secretorium,
1099 1623 1345 1693 remanentibus
1373 1625 1448 1693 eliis
1479 1626 1513 1694 iu

333 1731 433 1798 choro
463 1741 562 1818 utque
597 1731 819 1818 psallentibus.
866 1731 950 1799 Cum
980 1752 1075 1815 vero,
1105 1735 1272 1821 Ennega!
1303 1736 1385 1801 dens
1417 1732 1513 1801 inerit

334 1846 504 1921 cuntutus,
534 1838 664 1906 dicatur
695 1840 811 1907 oratio
866 1837 1020 1921 Oremus,
1051 1843 1203 1908 Actiones
1234 1853 1378 1909 nosen.
1430 1838 1511 1907 Tuus

335 1947 511 2013 revestiunt
534 1967 570 2013 se
593 1947 763 2032 episcopus
782 1945 967 2031 etelectus,
990 1946 1123 2014 ueniunt
1144 1954 1283 2033 uterque
1304 1954 1383 2015 ente
1398 1947 1512 2030 ethre,

333 2061 367 2120 et
388 2053 507 2140 legitur
529 2054 647 2121 iterum
670 2054 785 2122 electio
807 2054 841 2121 iu
866 2052 1016 2137 umbone,
1040 2060 1077 2121 ut
1099 2053 1265 2136 audietur,
1288 2060 1324 2122 et
1344 2053 1513 2123 roboretur

333 2182 354 2227 a
377 2159 553 2242 monachis,
578 2169 611 2228 et
632 2182 653 2227 e
675 2160 773 2238 clero,
796 2171 830 2228 et
853 2160 896 2227 sb
918 2160 1078 2228 uniuersis
1093 2161 1263 2249 utriusque
1277 2183 1386 2229 sexus.
1420 2160 1512 2229 'l'nuc

334 2267 445 2333 stratis
470 2275 547 2335 unte
571 2268 675 2335 ultore
698 2267 864 2353 tapetibus
895 2274 1109 2353 prosternent
1131 2288 1167 2336 se
1190 2267 1288 2336 unul
1307 2268 1458 2355 pontifex
1478 2276 1513 2336 et

334 2374 388 2459 qui
418 2372 460 2440 ub
470 2375 497 2462 ¹)
527 2397 566 2441 eo
589 2374 830 2441 benedicendus
853 2381 904 2442 est
912 2374 938 2461 ¹)
968 2374 1090 2460 sbbne,
1120 2374 1363 2462 incipiuntque,
1393 2375 1451 2463 qui
1477 2376 1511 2443 iu

332 2480 431 2547 choro
455 2488 554 2563 stunt,
578 2491 701 2568 septem
716 2481 970 2567 paenitentiales
982 2481 1138 2569 psslnsos,
1161 2480 1397 2569 subjungentes
1410 2481 1510 2550 hete-

332 2590 417 2655 niuns
441 2612 507 2657 non
531 2589 701 2675 prolixum,
726 2588 784 2656 sed
808 2589 870 2657 sub
892 2589 1065 2660 brevitate.
1074 2588 1103 2676 ¹)
1125 2588 1253 2677 Quibus
1265 2588 1413 2657 decursis
1434 2588 1510 2657 dun

333 2699 550 2779 novissimum,
575 2702 678 2787 ls'yrie
700 2702 826 2786 eleyson
856 2698 1014 2780 dixerint,
1045 2706 1079 2765 et
1111 2698 1294 2766 ursionem
1316 2697 1509 2790 dominium
1574 2768 1586 2786 ,

332 2805 551 2893 impleverint,
585 2807 689 2890 erigat
718 2826 754 2872 se
783 2806 873 2872 solus
895 2804 1057 2892 pontifex,
1073 2813 1252 2906 'prestrsto
1273 2825 1314 2873 eu
1336 2806 1393 2893 qui
1414 2803 1509 2873 bene·

332 2912 489 2979 dicendus
512 2920 573 2997 est,
596 2913 644 2979 its
667 2912 769 2994 dicut,
789 2917 837 2983 Et
849 2939 889 2982 ne
911 2937 969 2983 nos
984 2916 1124 2982 inducas
1137 2918 1173 2982 in
1187 2915 1404 2982 entanbnenn
1427 2910 1508 2997 Onu

334 3023 473 3088 Salvum
491 3026 559 3106 sac
581 3045 713 3088 servum
738 3033 838 3091 tenen.
875 3024 972 3089 rilitte
993 3024 1027 3088 ei
1046 3024 1138 3088 dens.
1174 3023 1240 3089 Hic
1262 3023 1403 3108 accipiet
1423 3022 1508 3088 eene·

331 3128 547 3215 dictionem.¹)
592 3130 731 3196 Dentine
759 3132 888 3197 exuendi
911 3128 1103 3197 erubescens.
1147 3130 1312 3196 Domitius
1334 3127 1508 3195 mutem

331 3231 414 3300 Inde
431 3234 650 3322 subsequatur
665 3234 861 3304 benedictio.
898 3236 1041 3304 Concede
1055 3257 1256 3321 quaesumus
1264 3232 1292 3322 ¹)
1313 3236 1509 3321 omnipotens

329 3345 419 3426 ederes,
452 3356 488 3410 nt
510 3348 696 3428 sanenlnm.
745 3344 942 3412 (insectorum
974 3344 1143 3412 institutor
1164 3345 1254 3410 dens.
1302 3339 1508 3428 Omnipotens

329 3455 523 3538 sempiterne
545 3453 637 3517 Dens
659 3453 855 3537 affluentem
876 3451 1042 3537 spiritum.
1099 3450 1269 3537 Suscepiut
1292 3460 1325 3516 te
1346 3450 1508 3536 largiente

328 3561 423 3625 leodie
445 3559 604 3626 doneinns.
633 3559 727 3623 Deus
750 3562 805 3624 cni
824 3560 931 3625 oennis
952 3571 1102 3645 potestas
1116 3570 1150 3625 et
1162 3557 1325 3644 dignitas.
1355 3554 1507 3625 Orsum

329 3667 421 3731 Dens
443 3667 529 3746 >bers
556 3662 711 3730 botrorum
730 3668 975 3752 jnstornneque.
1021 3661 1097 3749 Qua
1126 3661 1356 3749 solempnitete
1378 3661 1508 3750 explete

328 3769 463 3854 incipiet
477 3767 647 3854 episeopus
663 3776 721 3835 uut
737 3791 820 3837 uuus
835 3792 876 3837 ex
900 3767 1085 3852 abbatibus,
1108 3769 1165 3855 qui
1180 3767 1356 3850 edinen-int,
1379 3768 1508 3836 excelse

328 3897 422 3959 uoce,
454 3877 484 3941 Τ
479 3901 497 3942 e
519 3878 614 3943 deum
639 3880 825 3945 laudamus.
838 3877 864 3963 ¹)
910 3875 1102 3945 statuentes
1124 3898 1198 3944 eum
1229 3876 1264 3942 in
1293 3875 1435 3942 etstiene
1457 3873 1507 3942 vel

327 3982 409 4065 loco,
433 3981 488 4067 qui
512 3981 626 4049 abbati
647 3983 680 4050 iu
704 3981 804 4052 ebore
828 3982 1006 4069 deputatus
1029 3989 1090 4051 est.
1128 3979 1210 4049 Onus
1234 4002 1312 4049 vero
1334 3980 1379 4048 cd
1393 4001 1507 4050 secun

328 4088 406 4154 dum
430 4109 557 4155 rersssm
580 4097 712 4157 rentum
736 4090 845 4173 suerit,
867 4089 925 4157 ubi
948 4089 1088 4158 dicitur:
1118 4093 1161 4158 Te
1182 4102 1353 4157 aeternnm
1371 4101 1507 4176 patrm

326 4199 431 4262 onereris
452 4208 546 4264 terra
569 4211 757 4280 verteretur,
790 4197 951 4282 incipiunt
980 4218 1054 4264 eum
1086 4194 1226 4265 oseulari
1257 4193 1366 4262 cuueti
1387 4191 1508 4262 ἥψω

326 4304 585 4388 congregationis
614 4325 673 4391 per
702 4303 864 4387 ordinem,
899 4311 1087 4371 reverenter
1119 4308 1270 4390 petentes
1303 4301 1333 4369 ei
1366 4300 1505 4369 venum.

416 4481 439 4552 t)
457 4431 573 4539 ὦ,

415 4566 438 4638 ¹)
456 4568 489 4626 In
507 4577 598 4629 textu:
617 4568 762 4628 brebttste.
