3792 5375
790 517 1015 578 ..55-

307 717 458 796 epactam
477 708 619 793 qualiter
635 709 706 794 ipso
723 731 810 773 anno
827 730 958 775 enuere
974 709 1131 786 cernitur,
1154 707 1349 793 prinsquam
1363 707 1502 794 incipiat

308 815 513 882 bernnlicere.
551 816 632 879 l’ost
655 837 776 881 nnnarn
793 816 974 880 vestiantur
990 837 1114 892 ounres,
1139 815 1195 900 qui
1219 814 1263 881 nd
1287 835 1417 881 sacram
1440 814 1501 880 ali·

308 922 386 1008 qnia
412 921 587 987 lialnrerint
610 922 739 1005 legendi
766 922 814 986 rel
838 921 990 1002 canendi,
1014 931 1072 987 aut
1096 922 1263 987 seruilium
1288 921 1444 1004 laeieurli,
1467 929 1502 988 et

307 1041 385 1095 tnnc
410 1028 553 1094 infantes
577 1029 626 1093 rel
651 1052 764 1095 (turries
789 1029 908 1095 fratros
933 1030 1066 1094 reniaut
1090 1030 1123 1094 in
1148 1027 1353 1108 aecclesiam,
1378 1035 1413 1094 et
1428 1048 1501 1114 per·

307 1143 386 1221 gant
404 1137 510 1219 iguem
527 1134 721 1202 benedicere
738 1137 771 1200 in
789 1135 945 1216 claustro,
970 1135 1075 1201 alrbas
1090 1145 1199 1221 portet
1214 1134 1335 1201 lumen.
1376 1134 1500 1201 Rever-

307 1242 454 1307 tentibns
478 1242 553 1307 inde
578 1242 694 1307 irnlnat
718 1266 753 1307 se
777 1243 936 1308 diaconus
961 1243 1046 1307 stola
1074 1249 1108 1307 et
1132 1241 1331 1324 dalinatica,
1362 1249 1396 1308 et
1426 1240 1501 1308 ilion

308 1350 444 1433 incipiat
467 1349 675 1414 sanctificare
699 1371 839 1416 cereum.
888 1350 976 1414 Dum
1002 1349 1103 1415 luerit
1127 1347 1337 1430 benedictus,
1364 1348 1502 1434 ipseque

307 1477 436 1539 semper
460 1454 576 1520 ardere
597 1454 705 1535 debet,
730 1457 813 1520 sicut
838 1456 871 1521 iu
895 1456 967 1540 ejus
990 1454 1252 1521 benedictionem
1276 1455 1360 1521 dicit
1382 1453 1502 1522 beatus

306 1562 494 1646 gregorius,
525 1585 628 1646 nsque
659 1564 689 1627 in
715 1563 859 1627 crastino
883 1561 960 1629 dum
984 1564 1085 1629 missa
1108 1561 1239 1648 expleta
1268 1560 1380 1630 luerit.
1427 1559 1502 1629 Sint

306 1678 382 1734 neto
406 1669 600 1734 eircunnlati
624 1671 751 1755 cappis,
776 1670 830 1756 qui
855 1668 898 1734 ad
923 1670 1250 1758 missam'zlllclnja,
1281 1668 1334 1735 rel
1365 1675 1500 1736 cantum

306 1783 451 1844 cautent

398 1882 534 1947 Missam
560 1905 656 1966 agere
680 1883 908 1949 matutinalem
936 1884 970 1948 in
994 1883 1057 1949 hoc
1080 1882 1134 1949 die
1158 1904 1224 1949 uon
1254 1882 1410 1950 conuenit
1438 1884 1502 1950 nisi

307 1998 481 2074 postquam
507 1989 629 2056 sinerint
651 1990 809 2057 lectiones
833 1990 985 2076 expletae
1009 2000 1067 2056 aut
1090 1989 1277 2057 inchoatae.
1327 1989 1377 2056 Et
1399 1990 1428 2056 si
1450 1997 1503 2058 est

306 2097 437 2181 aliquis,
462 2097 517 2182 qni
542 2105 620 2163 ante
644 2097 777 2163 missam
802 2098 871 2164 uult
894 2119 1002 2180 agere,
1027 2095 1122 2183 quotl'
1139 2118 1217 2163 raro
1245 2105 1296 2163 est
1319 2096 1502 2164 eonceden-

306 2204 394 2283 dum,
420 2203 477 2269 sed
502 2214 708 2269 tamencum
734 2204 899 2269 licentiam
924 2204 1033 2269 domui
1059 2202 1189 2270 abbatis
1211 2202 1378 2283 habuerit,
1403 2202 1503 2270 debet
1544 2227 1547 2231 ·

306 2310 429 2376 hala-re
463 2318 531 2376 tres
563 2310 613 2376 rel
647 2318 805 2396 quattuor
836 2310 1019 2394 ministros,
1050 2310 1105 2395 qui
1133 2333 1206 2376 eum
1230 2310 1408 2397 adjuvent:
1431 2310 1503 2378 sine

305 2419 380 2501 igne
397 2427 507 2482 tamen
531 2417 632 2482 finciat
657 2419 688 2481 in
714 2418 777 2482 hac
802 2419 894 2495 liora,
919 2419 983 2482 nisi
1007 2417 1091 2483 sorte
1115 2418 1255 2484 domnus
1278 2417 1386 2484 abbas
1401 2417 1502 2484 talem

308 2523 416 2588 lorrnn
441 2533 600 2589 remotum
632 2524 694 2609 ipsi
724 2525 947 2609 praestiterit,
976 2534 1009 2589 nt
1035 2526 1145 2609 iguem
1167 2523 1364 2591 benedicere
1386 2526 1502 2611 possit.

310 2630 388 2698 Sire
412 2631 485 2711 iste,
510 2631 577 2697 sive
601 2631 657 2710 illi,
682 2631 737 2718 qni
752 2641 827 2718 post
845 2631 1003 2698 lectiones
1019 2632 1132 2698 dicunt
1150 2633 1295 2717 missam,
1319 2632 1503 2701 laetaniam

309 2740 452 2821 saciant,
487 2740 676 2825 priusquam
706 2742 839 2805 missam
873 2740 1044 2824 incipiant.
1102 2739 1191 2806 Num
1221 2740 1279 2823 illi,
1310 2740 1367 2827 qui
1397 2742 1503 2827 prius·

309 2869 406 2933 quarn
446 2869 561 2913 cereus
598 2856 647 2913 cst
681 2847 873 2914 benedictus
901 2848 1015 2913 ‹licnnt
1048 2868 1195 2931 sacram,
1229 2846 1341 2914 lumen
1375 2846 1502 2915 haben·

309 2965 371 3022 tur.
432 2955 609 3022 Lectiones
642 2954 755 3040 legant
793 2955 952 3040 imprimis
992 2955 1119 3040 priores
1157 2962 1192 3021 et
1229 2962 1309 3021 tnnc
1339 2955 1501 3041 juniores.

310 3064 418 3129 Lectio
448 3066 531 3130 libri
560 3064 710 3144 Genesis,
743 3083 804 3128 uec
837 3062 879 3128 ad
911 3063 1025 3143 istam,
1057 3084 1120 3129 uec
1153 3060 1197 3128 ael
1227 3061 1329 3128 ullam
1360 3062 1500 3129 aliarum

308 3170 592 3254 pnnruntiabitur,
623 3171 681 3235 secl
713 3178 841 3235 tantum
875 3170 1004 3235 initium
1035 3168 1186 3235 lectionis
1214 3169 1373 3255 incipitur
1402 3168 1501 3255 quale

308 3278 416 3343 inerit.
464 3276 624 3342 Similiter
646 3276 747 3343 saciat
771 3276 910 3343 sabbato
935 3276 1183 3362 pentecostes.¹)
1235 3275 1353 3342 Lectio
1383 3276 1500 3362 prima,

309 3388 348 3451 ln
358 3386 527 3471 principio
543 3385 672 3449 creauit
685 3384 816 3450 ‹trano›
851 3383 1004 3450 Finieate
1020 3384 1129 3449 veniat
1146 3381 1303 3449 sacerdos
1318 3382 1363 3449 ad
1381 3383 1500 3463 altare,
1533 3402 1549 3434 ¹·
1575 3400 1637 3442 ne·-
1654 3401 1676 3453 ¹,
1693 3405 1704 3444 ι
1721 3415 1754 3444 ιι

308 3503 340 3557 et
365 3493 452 3558 harre
476 3490 656 3556 orationem
681 3490 787 3556 dieat:
819 3494 913 3558 Deus
935 3495 997 3579 qui
1016 3493 1229 3569 mirabiliter,
1253 3494 1381 3558 creasti
1399 3493 1502 3558 hami-

308 3624 391 3666 nem.
439 3595 594 3663 Secunda
615 3596 750 3679 Lectio,
784 3602 922 3665 Factrrm
955 3602 1061 3665 estin
1083 3596 1254 3683 vigiliulll,
1278 3598 1444 3664 canticum
1466 3597 1501 3664 in
1540 3616 1560 3650 ἱ
1587 3618 1608 3656 ¹·
1622 3614 1682 3666 Εκ-
1699 3616 1743 3669 ³¹¹.

308 3703 414 3771 exodo
438 3728 458 3769 a
482 3704 610 3769 (luobus
627 3704 784 3770 iratribus
801 3713 978 3771 cantentur
1000 3706 1033 3771 in
1050 3704 1134 3770 albis
1153 3707 1329 3772 Carere-mus
1345 3705 1500 3772 Doctrina.
1602 3686 1673 3741 '¹⁰³'

308 3813 459 3895 Olenus,
484 3815 576 3878 Dens
593 3817 687 3900 cerrus
703 3818 842 3899 arrtipna
859 3816 1037 3879 mr'racnla.
1078 3811 1203 3892 Lecti0,
1221 3814 1504 3898 Appraeheuden!

308 3934 429 4005 septem
447 3920 646 3986 rrzulri·rrs.(‘)
688 3917 882 4004 Cantycunr,
908 3921 1009 3986 linea
1021 3922 1127 4005 sacta
1145 3932 1202 3987 est.
1238 3916 1392 3998 Oremus,
1408 3921 1502 3985 Deus
1544 3920 1646 3963 ΜΝ·
1659 3919 1702 3972 ll·
1718 3925 1741 3964 ¹·

308 4030 369 4110 pai
391 4050 447 4092 raas
476 4030 526 4092 ad
550 4028 781 4093 celebrandam
808 4029 981 4111 paschale.
1028 4024 1162 4110 Lectio,
1191 4028 1286 4093 llaec
1313 4037 1365 4092 est
1388 4028 1501 4093 lracrr·

308 4134 445 4201 ditasill
477 4133 663 4216 Canticum,
688 4137 831 4200 altitude
853 4137 988 4200 coclrnn.
1028 4132 1179 4213 Oremus,
1204 4135 1298 4200 Dens
1313 4136 1376 4216 qai
1388 4135 1501 4199 Ecclc·
1536 4137 1559 4177 '¹³
1576 4135 1626 4178 ³⁰⁸·
1641 4135 1709 4187 ¹¹¹·
1726 4140 1751 4182 ⁸·

307 4243 395 4306 siam
412 4253 502 4307 trram
518 4256 648 4327 seraper
664 4244 829 4323 graetiam.
863 4238 942 4306 Siue
958 4239 1097 4305 lectione
1121 4241 1283 4307 ceraticum
1303 4238 1346 4306 (le
1359 4238 1500 4325 psalmo,
1564 4208 1626 4258 Μ’
1641 4208 1713 4262 mm

308 4349 408 4414 Sicut
430 4370 557 4413 tenuris.
605 4344 755 4428 Oremus,
781 4346 922 4413 Corrccdc
951 4369 1151 4434 praesumus
1173 4351 1372 4433 orrrru'fflatcns
1395 4348 1499 4428 Deus,

347 4512 353 4516 .
367 4510 523 4518 .-----·-

400 4595 422 4666 ¹)
448 4595 562 4651 Omnem
588 4595 729 4665 liturgiam
748 4595 818 4652 hanc
846 4595 874 4651 in
899 4595 1006 4651 llissali
1024 4594 1177 4651 llonastico
1202 4593 1321 4651 Sabbata
1345 4594 1446 4650 Sancto
1471 4600 1500 4651 et
1573 4576 1577 4582 ¹

310 4683 411 4754 l'igilia
431 4685 609 4741 Pentecoste·
628 4684 760 4741 invenies.
