3792 5375
864 598 1110 659 -184-

607 829 649 906 In
676 830 879 930 posteriora
907 828 1024 907 crucis
1054 827 1123 903 ista
1153 827 1370 908 scribantur.

484 1023 574 1091 Crux
589 1024 797 1110 parvulorum
813 1030 935 1092 custos.
968 1022 1057 1089 Crux
1069 1022 1214 1088 riroruru
1224 1026 1336 1105 caput.
1366 1017 1458 1087 Crux
1471 1038 1584 1085 senum

395 1131 478 1200 finis.
513 1130 603 1199 Crux
627 1130 734 1197 lumen
758 1133 791 1197 in
815 1129 961 1197 tenebris
984 1128 1181 1195 sedentium.
1216 1126 1307 1193 Crux
1330 1146 1445 1211 regum
1462 1126 1585 1210 magni·

395 1239 535 1316 licentia.
568 1237 659 1305 Crux
670 1247 796 1304 scutum
809 1246 1015 1323 perpetuum.
1050 1234 1141 1302 Crux
1158 1235 1398 1301 insensatorum
1412 1232 1584 1318 sapientia.

394 1344 483 1411 Crux
499 1343 635 1411 libertas
650 1343 861 1412 servulorum.
893 1342 983 1410 Crux
1000 1343 1232 1428 imperatorum
1249 1339 1470 1427 philosophia.
1494 1337 1584 1406 Crux

395 1451 588 1539 templorum
623 1452 810 1520 destructio.
856 1448 948 1517 Crux
979 1449 1031 1516 lex
1063 1449 1250 1535 impiorum.
1297 1446 1388 1516 Crux
1422 1443 1583 1514 idolorum

393 1558 546 1645 repulsio.
597 1556 686 1624 Crux
719 1557 954 1645 prophetarum
990 1555 1214 1641 praeconatio.
1266 1553 1356 1621 Crux
1392 1550 1583 1619 scandalum

390 1664 595 1750 judaeorum.
643 1663 732 1732 Crux
764 1663 924 1731 adunatio
955 1661 1191 1748 apostolorum.
1238 1658 1330 1727 Crux
1360 1658 1503 1747 perditio
1526 1658 1584 1724 im·

392 1772 530 1856 piorum.
578 1770 667 1838 Crux
696 1778 877 1857 martyrum
906 1769 1070 1855 gloriatio.
1118 1768 1209 1835 Crux
1242 1767 1434 1834 claudorum
1471 1765 1584 1833 rirtus.

393 1876 483 1945 Crux
518 1878 751 1945 monachorum
786 1877 999 1945 abstinentia.
1049 1874 1140 1944 Crux
1172 1874 1393 1961 egrotantium
1428 1871 1585 1940 medicus.

393 1984 484 2053 Crux
517 1986 676 2071 virginum
712 1986 857 2053 castitas.
904 1981 994 2049 Crux
1029 1982 1202 2049 mundatio
1233 1982 1448 2068 leprosorum.
1496 1977 1584 2047 Crux

392 2090 547 2176 gaudium
579 2092 797 2159 sacerdotum.
832 2090 923 2157 Crux
947 2090 1194 2176 paraliticorum
1218 2090 1358 2175 requies.
1394 2086 1487 2155 Crux
1510 2107 1585 2154 aec·

393 2197 512 2265 closiae
536 2198 792 2269 irrndamentum.
839 2197 930 2265 Crux
953 2195 1042 2263 orbis
1065 2205 1174 2263 terrae
1198 2193 1340 2264 cautela.

744 2451 801 2528 De
829 2449 993 2550 reliquiis
1022 2459 1243 2530 sanctorum

483 2646 525 2715 L.
548 2647 590 2714 In
606 2647 746 2733 imagine
762 2644 971 2732 cunctipatri
988 2643 1199 2712 continentur
1217 2642 1259 2710 he
1277 2641 1453 2729 reliquiae:
1478 2642 1586 2728 portio

393 2753 435 2822 de
465 2776 562 2821 cruce
590 2754 724 2837 donnini,
755 2762 790 2822 ct
818 2754 860 2821 de
892 2760 982 2820 reate
1004 2762 1142 2819 sauctae
1165 2752 1290 2818 manare
1313 2752 1429 2817 matris
1452 2749 1586 2828 domini,

393 2868 427 2927 et
449 2859 491 2928 de
510 2862 643 2948 proprio
659 2882 796 2948 corpore
812 2860 920 2927 sancti
938 2860 1023 2945 petri
1039 2858 1194 2946 apostoli,
1217 2866 1251 2925 et
1267 2859 1308 2925 de
1324 2879 1426 2925 carne
1434 2857 1463 2946 ¹)
1479 2858 1585 2924 macti

389 2967 501 3052 jacobi
524 2967 675 3056 apostoli,
699 2969 857 3054 reliquiae
881 2987 1011 3052 quoque
1034 2967 1141 3032 sancti
1165 2964 1317 3051 stephani
1333 2963 1586 3051 protomartiris,

394 3082 428 3142 et
443 3073 484 3142 de
500 3075 628 3142 ossibus
643 3075 750 3141 sancti
761 3073 951 3142 Sebastiani
967 3082 999 3140 et
1016 3081 1152 3140 sanctae
1166 3072 1333 3153 caecssiae,
1349 3080 1385 3140 et
1396 3079 1585 3138 mortorum

393 3181 462 3248 xl.
492 3189 688 3269 martyrum,
718 3182 742 3268 ][
765 3187 799 3248 et-
829 3180 937 3247 sancti
968 3179 1111 3266 georgii,
1135 3187 1177 3246 et
1207 3179 1312 3245 sancti
1341 3178 1523 3245 iunocentii
1552 3186 1588 3244 et

393 3289 436 3356 de
459 3288 651 3376 corporibus
673 3288 813 3374 dionysii
837 3294 872 3354 et
895 3287 1056 3355 sociorum
1080 3287 1162 3372 ejus,
1186 3294 1221 3352 et
1244 3284 1286 3352 de
1302 3284 1448 3352 restibus
1463 3305 1586 3365 eorum,

394 3396 435 3463 de
464 3403 562 3482 petra
591 3394 756 3481 sepulchri
786 3394 920 3474 domini,
952 3402 986 3460 et
1015 3393 1056 3460 de
1086 3393 1199 3479 lapide
1229 3391 1283 3459 ubi
1308 3391 1460 3460 dominus
1483 3391 1588 3467 stetit,

394 3501 527 3589 quando
561 3501 712 3569 ascendit
740 3502 774 3569 in
804 3501 949 3586 coelum,
984 3507 1018 3567 ct
1047 3501 1089 3568 dc
1119 3500 1294 3586 praesepio
1324 3499 1448 3567 domini
1481 3506 1516 3567 et
1545 3496 1587 3566 da

393 3609 566 3695 sepulchro
589 3609 696 3676 sancti
719 3609 843 3692 lazarii,
874 3607 1147 3695 quemdominus
1171 3597 1350 3687 suscitarit,
1374 3603 1474 3673 etde
1498 3604 1587 3691 virga
1632 3653 1636 3661 -

393 3716 505 3803 moysi.
559 3713 645 3784 Ossa
680 3716 863 3805 crumini‘)
903 3716 1060 3800 episcopi.
1112 3713 1266 3801 Reliquis
1301 3714 1407 3780 sancti
1441 3712 1587 3780 marcelli

393 3824 548 3910 martyris
576 3822 810 3905 cabilonensis,
841 3829 876 3891 et
906 3843 983 3889 ossa
1011 3830 1201 3888 sanctorum
1232 3820 1456 3888 consessorum
1486 3818 1587 3888 Siluri

393 3937 428 3995 et
439 3928 612 4014 agricolae,
628 3931 856 4017 episcoporum
868 3928 1087 3995 cabilonensis
1099 3928 1253 4012 ciuitatis,
1269 3927 1473 4014 aliorumque
1485 3925 1587 4013 pluri·

394 4057 520 4104 moruur
559 4044 757 4105 sanctorum.
811 4035 852 4102 In
889 4056 990 4121 capsa
1029 4042 1188 4121 argentea
1224 4034 1434 4101 continentur
1468 4055 1588 4121 eorpus

394 4144 500 4210 sancti
531 4143 676 4210 marcelli
699 4164 825 4231 papae,
857 4150 892 4209 et
915 4140 1073 4228 reliquiae
1097 4139 1138 4207 de
1162 4141 1295 4227 proprio
1317 4161 1458 4228 corpore
1480 4140 1587 4209 sancti

394 4250 535 4335 gregorii
564 4272 687 4336 papae,
724 4258 760 4318 et
788 4250 898 4338 portio
930 4247 1124 4334 capillorum
1160 4248 1268 4314 sancti
1299 4247 1411 4334 majoli
1445 4248 1480 4315 in
1509 4268 1587 4315 rare

395 4356 509 4426 vitreo.
1466 4343 1474 4361 ’

485 4586 506 4657 ¹)
524 4586 640 4644 Rarum

394 4671 400 4685 “
448 4688 450 4693 ·
484 4675 507 4742 ¹)
526 4675 569 4732 Sic
595 4675 741 4746 legendum
758 4674 895 4732 credimur
915 4673 1187 4744 ,o'sennuminr3
1218 4674 1252 4731 de
1271 4675 1344 4731 terto
1363 4672 1453 4730 saneti
1471 4672 1587 4730 Taurini

396 4763 497 4821 rideris
516 4780 612 4836 supra:
631 4764 683 4821 Die
701 4769 912 4821 anteactarum
930 4780 953 4821 ι.
971 4762 1124 4822 harentii.
