3792 5375
832 502 1078 564 -142-

365 694 436 762 Isto
459 693 579 781 quippe
610 693 722 760 ordine
745 692 902 760 revestire
930 715 965 760 se
989 693 1111 759 debent
1135 693 1307 780 episcopus
1329 699 1362 758 et
1385 689 1491 757 abbas
1513 690 1547 757 in

365 801 428 868 boc
458 800 661 868 ordinatione
690 799 793 883 albis,
824 799 919 866 stolis
949 808 983 867 et
1006 801 1138 885 cappis,
1171 807 1346 884 teneatque
1375 797 1548 883 episcopus

364 906 517 973 baculum
539 928 630 973 suum
654 908 687 973 in
711 929 821 987 mauu,
846 916 879 973 et
903 906 988 973 idem
1012 906 1163 990 baculus,
1195 928 1291 992 quem
1314 903 1427 971 abbati
1449 902 1549 969 debet

365 1013 461 1095 dare,
493 1014 535 1080 sit
562 1014 656 1100 juxta
684 1012 838 1080 abbatem
869 1014 901 1080 iu
932 1021 1060 1098 tapete,
1085 1012 1162 1079 dum
1185 1018 1372 1099 prostratus
1389 1010 1482 1098 jacet
1505 1007 1548 1074 ad

364 1108 632 1187 consecrandum.
644 1119 671 1206 ¹)
716 1119 974 1205 Consecratus¹)
997 1129 1108 1187 autem
1132 1120 1270 1207 accipiat
1294 1140 1368 1185 eunt
1391 1117 1433 1185 de
1449 1137 1548 1183 manu

364 1225 507 1312 episcopi
529 1224 610 1293 baec
633 1226 733 1293 rerba
748 1226 897 1295 dicentis.
933 1231 1054 1314 Accipe
1069 1212 1223 1296 baculum
1232 1228 1422 1314 pastoralis
1436 1223 1549 1312 officii,

364 1345 402 1401 nt
421 1336 471 1402 sis
493 1336 526 1401 in
549 1335 758 1421 corrigenda
781 1339 873 1402 vitiis
895 1337 1040 1414 serrium
1070 1347 1103 1403 et
1130 1357 1202 1401 cum
1226 1336 1335 1401 iratus
1347 1335 1467 1419 furris
1489 1334 1549 1397 nri·

363 1444 566 1509 sericordiae
588 1463 713 1508 tatemer
735 1445 813 1510 eris.

436 1657 610 1732 Vestibus
639 1657 791 1732 fratrum
821 1682 1030 1733 mensurant
1060 1656 1154 1732 hanc
1183 1680 1292 1732 serra
1319 1665 1473 1732 tuorum.

453 1812 514 1883 IV.
551 1813 767 1883 Vestitnentis
790 1813 930 1882 fratrum
954 1815 1057 1882 mittit

365 1930 498 1988 sanetus
530 1920 718 1988 benedictus
749 1923 782 1988 in
812 1921 988 2008 prudentia
1012 1921 1162 2006 abbatis,
1197 1928 1234 1989 ut
1262 1921 1328 1988 siut
1351 1926 1551 1987 mensurata.

364 2027 483 2115 Qualis
507 2036 615 2094 autern
639 2028 681 2094 sit
705 2028 763 2096 illa
786 2050 941 2096 mensura
966 2027 1144 2095 seeundum
1167 2036 1300 2116 patruni
1323 2026 1552 2094 diffinitionem

364 2144 523 2223 quantuni
545 2158 718 2222 possumus
742 2135 950 2221 indagamus.
986 2134 1136 2217 cuculla,
1160 2158 1246 2224 quae
1270 2144 1384 2204 nostro
1408 2131 1552 2218 singula·

365 2243 446 2309 riter
467 2244 617 2309 contenit
639 2242 763 2325 ordini,
795 2242 882 2328 quod
914 2243 1142 2310 vestimentum
1167 2243 1348 2329 antiquitus
1372 2240 1555 2308 vocabatur

364 2349 544 2433 colobium,
573 2348 607 2415 id
638 2358 687 2415 est
718 2351 831 2415 tunica
862 2350 932 2417 sine
963 2349 1119 2416 manicis:
1151 2356 1281 2417 tantum
1310 2348 1410 2417 debet
1432 2347 1554 2415 habere

362 2455 556 2538 latitudinis,
579 2464 616 2522 ut
638 2456 798 2524 ainbobus
821 2458 1054 2524 convenienter
1084 2464 1216 2543 aptetur
1244 2456 1381 2540 cubitis3
1408 2454 1549 2541 longitu-

365 2563 451 2631 dinis
474 2583 551 2630 tero
573 2570 700 2647 tanturn
723 2572 840 2648 anteo,
869 2563 958 2649 quod
981 2562 1025 2630 ad
1056 2564 1212 2650 callum²)
1233 2561 1328 2650 pedis
1350 2582 1455 2649 usque
1478 2582 1566 2648 per·.

364 2672 489 2758 tingat;
518 2678 552 2739 et
580 2671 623 2738 sit
653 2678 732 2757 apta
763 2671 907 2759 corpori,
943 2679 980 2738 ut
1014 2671 1059 2739 sit
1088 2693 1128 2739 ex
1158 2671 1246 2738 omni
1274 2677 1371 2758 parte
1393 2668 1550 2738 rotunda.

365 2778 535 2865 Capellutn
557 2779 661 2865 ipsius
684 2786 816 2865 practer
839 2777 976 2845 limbum
998 2781 1161 2864 integrum
1178 2779 1280 2846 ririlis
1295 2778 1390 2867 pedis
1405 2799 1447 2844 ex
1462 2779 1549 2844 omni

366 2894 460 2971 parte
476 2885 672 2971 quadratam
686 2883 786 2954 debet
809 2887 978 2954 continere
1002 2907 1200 2953 mensuram:
1224 2893 1381 2972 apertura
1404 2885 1552 2972 superior
1579 2973 1582 2978 Ι

365 2991 488 3059 lrabeat
498 2992 642 3058 cubitum
657 3014 760 3078 usque
776 2991 819 3058 ad
835 2992 962 3078 pollicis
977 3014 1148 3076 summum,
1164 2992 1296 3060 inferior
1308 2992 1454 3059 cubitum
1468 2992 1551 3059 inte·

365 3120 469 3183 grum,
488 3108 521 3165 et
532 3102 629 3165 trium
646 3098 840 3184 digitorum3
859 3100 982 3165 inante
999 3107 1161 3185 appareat
1180 3099 1322 3167 latitudo
1333 3098 1481 3167 cucullae
1497 3119 1551 3166 ca·

367 3207 457 3291 pitio.
471 3205 627 3273 Similiter
635 3213 744 3273 autem
756 3206 872 3273 subtus
880 3206 967 3274 circa
977 3206 1080 3293 pedes
1092 3209 1204 3275 tunica
1215 3206 1312 3274 debet
1324 3228 1396 3274 esse
1409 3204 1552 3274 rotunda

367 3311 527 3399 qualitate
550 3321 748 3393 mensurata,
772 3314 912 3399 sagittas
936 3314 1084 3382 verere}
1105 3336 1243 3401 gerones
1265 3321 1396 3381 tanturn
1419 3312 1552 3397 habeat,

368 3427 404 3486 ut
425 3421 490 3486 iter
511 3419 699 3505 gradientes
714 3420 766 3487 sel
782 3419 1011 3506 superfluitate
1033 3421 1085 3489 vel
1107 3423 1270 3508 parcitate
1292 3443 1359 3488 nou
1378 3419 1553 3507 impediat3

368 3528 460 3612 cnjus
483 3527 608 3594 monice
631 3525 752 3595 debent
775 3549 815 3595 ex
840 3536 980 3615 utraque
1002 3534 1100 3614 parte
1123 3527 1168 3596 ad
1191 3526 1352 3596 secundos
1376 3527 1553 3613 digitorum

367 3632 472 3700 nodos
506 3654 609 3720 usque
645 3635 842 3720 pertingere.
897 3634 1061 3703 Starninia
1096 3635 1197 3703 talem
1231 3634 1331 3703 debet
1365 3655 1553 3702 mensuram

367 3737 489 3807 lrabcre
519 3749 555 3807 ut
584 3741 688 3827 possit
718 3741 838 3808 callum
850 3741 877 3828 ²)
898 3740 992 3829 pedis
1016 3743 1124 3810 cincta
1147 3743 1345 3827 contingere.
1395 3739 1554 3810 Similiter

367 3853 476 3914 autent
501 3848 585 3914 sicut
607 3848 755 3915 cucullae
779 3847 895 3916 subtus
916 3857 1075 3934 apertura
1098 3849 1208 3916 cubito
1231 3850 1433 3919 terminetur.

456 3952 623 4039 Capitium
651 3954 776 4021 lrabeat
810 3955 926 4041 pedem
958 3957 1138 4041 integrum,
1173 3956 1321 4023 similiter
1356 3963 1391 4023 ct
1424 3954 1553 4022 manica

369 4068 463 4145 parte
486 4059 611 4127 latiori:
635 4067 751 4128 contra
768 4083 900 4128 mantum
918 4084 1006 4144 tero,
1031 4085 1097 4149 quo
1114 4084 1245 4130 trianere
1261 4063 1355 4143 solet,
1371 4061 1554 4148 angustior,

368 4188 385 4233 e
408 4167 520 4235 radice
544 4166 669 4252 pollicis
693 4189 797 4253 usque
820 4170 995 4236 terminum
1019 4169 1137 4237 indicis
1160 4168 1368 4237 extendatur.
1392 4166 1554 4254 Gorrigio,

369 4294 434 4356 qna
449 4274 589 4358 cingitur
605 4275 768 4356 staminia,
784 4284 960 4363 postquam
977 4275 1076 4342 luerit
1092 4275 1177 4344 bene
1187 4283 1331 4359 extenta,
1347 4275 1554 4343 latitudinem

368 4381 401 4446 in
424 4401 461 4449 se
481 4381 608 4468 pollicis
635 4381 767 4450 habeat.
813 4381 990 4451 Cultellum
1021 4386 1109 4451 inter
1139 4382 1262 4452 lenum
1291 4390 1325 4451 et
1347 4380 1554 4450 manubrium

459 4575 482 4648 Ι)
501 4576 614 4633 Ruunt.

458 4662 480 4732 ¹)
498 4665 531 4722 lu
549 4672 643 4723 textu:
662 4666 805 4738 „eollum“.
