3792 5375
159 1874 185 1903 ‹-
204 1867 393 1917 &Augen-rur

160 1943 189 1979 tn
199 1936 394 1990 p‹.r·t'1tr.1‘.t..

179 2009 307 2057 xxxin,
322 2012 382 2050 ΙΙίΙΙ.

160 2084 197 2113 Ι’·.
215 2081 292 2120 liebr.
310 2080 349 2126 ΙΧ,
361 2084 393 2120 ΙΙ.

901 503 1125 565 „54-

420 686 544 781 aliquid
559 718 599 763 cx
620 696 728 779 scirpo
752 695 886 761 missum
911 695 1009 759 otiam
1034 701 1068 759 et
1091 693 1123 758 in
1149 692 1291 759 claustro
1315 693 1528 778 similiterque
1551 711 1608 758 cs·

419 802 533 887 pitrdo.
565 801 756 868 Senioribus
771 802 805 866 iu
823 801 995 866 refectorio
1010 799 1221 885 pergentibus
1245 798 1472 867 tautummodo
1486 818 1609 885 panem

420 917 451 975 et
468 896 783 993 uquamaccipiaut,
801 914 833 973 et
850 907 891 973 dc
907 905 1018 973 herbis
1034 908 1061 972 si
1079 907 1255 973 soluerint:
1280 905 1434 991 quioquid
1451 912 1608 992 paratum

420 1024 469 1082 est
505 1014 782 1098 lreleruosyrrarius
821 1014 972 1100 accipiat.
1027 1013 1217 1098 Itcrmnque
1253 1013 1430 1079 secuudum
1471 1032 1609 1078 consue·

420 1121 565 1187 tudinem
598 1120 731 1206 pulsata
762 1120 876 1187 tabula
906 1122 1038 1186 ueniant
1070 1119 1113 1186 ud
1143 1118 1336 1201 bibendum,
1367 1119 1426 1185 sed
1457 1126 1492 1186 ct
1520 1115 1610 1185 lrcle·

420 1228 625 1313 mosynarius
649 1227 720 1307 illis,
745 1228 772 1292 si
796 1228 844 1293 ita
868 1226 992 1311 colunt,
1016 1248 1136 1312 aquom
1160 1225 1346 1292 bibentibus
1370 1233 1475 1292 totum
1499 1227 1610 1291 riuum

421 1336 579 1419 accipiat:
604 1334 648 1400 ud
672 1334 881 1399 collatioucnr
905 1342 1014 1400 autem
1032 1333 1109 1400 dum
1126 1333 1322 1399 conveniunt
1337 1332 1470 1418 pulsata
1493 1329 1611 1398 tabula

420 1440 463 1506 ad
487 1443 670 1522 caritatem,
695 1439 737 1506 ud
762 1439 937 1506 bibendum
962 1450 1113 1526 portetur
1136 1439 1286 1506 omuibus
1309 1440 1430 1505 vinum.

511 1546 605 1614 LVI.
636 1546 783 1614 Subbuto
815 1556 929 1613 sancto
954 1546 1084 1631 vigilius
1114 1547 1298 1612 matutinae
1329 1553 1361 1611 et
1389 1547 1500 1612 omnis
1522 1544 1609 1612 cele·

422 1653 568 1736 tuentur,
592 1653 866 1739 quemadmodum
886 1654 956 1739 jum
972 1653 1182 1742 irrtuliruus.¹)
1228 1652 1406 1720 Lectiones
1430 1652 1470 1718 de
1494 1652 1611 1721 haero-

422 1762 506 1826 miae
542 1760 824 1845 laureutatiuue.²)
882 1759 924 1826 In
948 1759 1093 1828 secundo
1116 1768 1277 1827 nocturno
1300 1760 1480 1846 expositio,
1515 1764 1612 1828 Deus

422 1872 556 1935 luculum
570 1872 722 1936 munisti
738 1867 777 1932 Irr
792 1868 888 1933 tertio
901 1874 1061 1934 nocturno
1069 1870 1221 1935 Christus
1231 1869 1389 1934 assistens
1400 1864 1610 1951 popufis-‚el

423 1973 530 2041 l'alde
546 1995 689 2059 namque
701 1995 797 2040 mune
810 1973 992 2040 adornetur
1006 1981 1077 2040 tota
1092 1973 1242 2039 Ecclesia
1258 1973 1393 2040 cortinis
1404 1972 1498 2040 lineis
1509 1980 1611 2058 atque

422 2080 526 2147 laneis
538 2089 572 2147 ct
587 2080 706 2167 palleis
717 2103 777 2166 por·
789 2081 931 2167 parietes
951 2079 1104 2167 undiquc.
1130 2079 1306 2146 Forumlos
1321 2081 1457 2166 tapetia,
1473 2080 1610 2147 clrorurn

421 2185 624 2253 circumdent
644 2186 805 2254 bancalia.
834 2187 959 2253 Arcum
975 2186 1189 2272 principalem
1205 2188 1331 2271 magnis
1346 2186 1548 2253 ornamentis
1558 2187 1610 2253 iu·

421 2293 610 2360 strumentis
623 2295 710 2380 aptis
721 2316 782 2380 pro
795 2316 834 2359 ea
847 2316 882 2359 rc
892 2294 1031 2380 expositi
1043 2302 1178 2378 pousut.
1206 2293 1393 2379 Fronspicii
1405 2293 1612 2361 extrinsecus

422 2421 521 2485 super
544 2400 667 2484 januas
697 2400 844 2465 velamen
865 2408 989 2486 pousrrt
1005 2400 1249 2485 eglypbinatum
1266 2422 1306 2466 cx
1335 2400 1473 2487 picturis
1497 2398 1609 2471 seriis.

422 2507 577 2593 Inprimis
594 2506 714 2573 altaria
737 2506 858 2573 debent
882 2506 1029 2574 ordinari
1052 2515 1086 2573 ct
1102 2505 1342 2592 evangeliorum
1365 2506 1508 2574 textibus
1527 2526 1611 2577 suro

421 2614 621 2701 gemmisque
637 2615 760 2701 opertis
782 2622 882 2701 utque
905 2613 979 2680 aliis
1002 2621 1139 2700 argento
1162 2612 1295 2680 inclusis
1313 2614 1347 2680 iu
1362 2614 1469 2702 ruujus
1484 2613 1612 2681 scilicet

421 2720 528 2787 altare
544 2743 672 2788 necnon
687 2731 721 2787 et
737 2721 891 2789 crucifixo
907 2722 959 2788 rel
974 2743 1100 2801 cruces,
1124 2742 1205 2808 quas
1222 2722 1257 2788 irr
1272 2722 1435 2808 lignorum
1451 2721 1611 2790 ursterise

421 2837 496 2914 post
525 2829 631 2915 ipsum
661 2850 754 2896 arsur
785 2827 937 2895 ordinent
967 2837 1001 2894 et
1031 2850 1116 2914 quae
1146 2849 1220 2893 cunr
1250 2827 1295 2894 ibi
1326 2829 1392 2896 sint
1419 2828 1612 2897 reconditus

422 2934 619 3018 lilucterise3
651 2943 731 3003 tunc
761 2934 884 3002 debent
911 2935 1032 3002 restire
1061 2956 1096 3001 se
1126 2936 1296 3001 secretarii
1318 2935 1403 3003 albis
1427 2958 1501 3004 curu
1523 2936 1611 3003 asci-

422 3043 516 3126 piunt
538 3043 629 3127 ipsus
653 3041 738 3109 inde.
778 3042 825 3108 Et
840 3049 917 3108 sute
933 3038 1136 3127 rnajorornd)
1155 3041 1261 3108 ultars
1283 3042 1317 3107 in
1332 3042 1460 3128 pertica
1476 3063 1611 3131 suspeu-

422 3147 504 3215 daut
527 3156 562 3215 et
584 3149 738 3216 altariola
761 3157 860 3235 utque
883 3170 1018 3215 arrresm
1042 3170 1197 3216 coronam
1220 3148 1402 3237 eademque
1432 3149 1474 3216 de
1501 3149 1612 3236 capsis

422 3255 558 3338 faciant,
582 3255 715 3322 tubulus
730 3255 861 3340 quidem
885 3278 960 3322 curu
983 3256 1180 3342 imaginibus
1202 3263 1389 3324 sauctorum
1405 3278 1486 3324 suro
1501 3262 1613 3325 textas

422 3372 499 3430 aute
531 3385 644 3428 arcuur
679 3363 893 3449 principalem
924 3361 1095 3429 collocent.
1153 3361 1307 3430 Cortinus
1342 3363 1447 3431 linces
1481 3371 1612 3431 sutores

421 3469 537 3535 tomuli
560 3469 761 3556 appendant.
807 3469 940 3537 Laneus
964 3477 1075 3535 autem
1100 3470 1253 3537 custodes
1276 3493 1457 3541 nemorum.
1503 3469 1613 3537 Pullis

423 3584 552 3642 tantum
582 3584 803 3662 procurentur·
832 3575 986 3642 ordinare
1009 3577 1190 3646 secretarii.
1235 3577 1416 3645 Curatores
1446 3576 1612 3645 refectorii

398 3760 400 3763 ¹
423 3683 591 3768 accipiant
613 3681 767 3749 bancalia
783 3707 823 3750 ex
839 3684 1017 3749 secretario
1034 3683 1078 3748 sd
1093 3683 1244 3750 ornanda
1259 3684 1376 3751 sedilis
1392 3692 1425 3752 et
1437 3683 1613 3774 squillae')

423 3787 510 3856 aliae
533 3797 710 3873 argenteae
734 3790 942 3876 accipiunto
973 3791 1173 3873 camerario,
1203 3813 1288 3877 quae
1319 3790 1457 3859 sedeant
1486 3793 1613 3861 octusis

423 3898 582 3983 tausstum
607 3903 641 3961 et
666 3897 814 3963 mantilis
837 3895 974 3976 dentur,
999 3918 1084 3981 quas
1110 3905 1265 3964 maneant
1295 3896 1410 3964 dicbus
1441 3906 1612 3985 quattuor,

424 4012 457 4069 et
487 4003 555 4068 alio
582 4011 777 4069 curamenta
807 4003 969 4069 udoment
995 4004 1082 4069 sicut
1106 4004 1139 4070 in
1162 4004 1215 4070 die
1238 4002 1355 4069 Natali
1378 4003 1522 4074 Domini.
1568 4005 1612 4074 ln

426 4110 510 4175 cer-ci
541 4130 683 4194 namque
714 4110 887 4195 columprrs
916 4108 1039 4176 scribat
1071 4111 1232 4176 armarius
1262 4132 1368 4177 anuos
1394 4108 1546 4192 Domini,
1576 4119 1612 4179 st

517 4306 539 4372 ¹)
558 4306 589 4360 ln
609 4304 732 4374 uraugiue
752 4305 855 4374 legitur
873 4312 948 4361 totus
967 4306 1042 4361 locus
1060 4305 1193 4376 incipiens
1211 4323 1227 4361 a
1246 4305 1352 4362 serbis:
1370 4305 1420 4376 „Iu
1441 4305 1528 4376 prlruo
1548 4321 1612 4363 noc·

427 4403 523 4449 turno·
551 4408 636 4463 usque
656 4393 828 4462 „Pontifex.·‘

515 4482 538 4550 ³)
557 4485 625 4538 Sunt
644 4483 694 4538 lure
721 4482 930 4538 lamentationes
948 4482 1087 4539 Jeremiac
1105 4500 1129 4541 c.
1150 4484 1200 4554 ΙΙΙ,
1225 4483 1261 4539 22
1284 4489 1313 4539 et
1330 4483 1419 4540 aratio
1446 4483 1532 4555 ipsius
1550 4499 1612 4555 pro·

426 4570 524 4639 piretus
544 4575 578 4640 (c.
596 4572 643 4637 Υ.)
665 4571 774 4627 l‘idcsis
795 4570 915 4627 liserisr.
933 4570 1078 4627 llouastic.
1103 4571 1220 4628 Subbato
1241 4572 1340 4628 Soucto
1358 4573 1450 4643 (Pars.
1468 4573 1563 4640 l'cru).

515 4659 537 4728 ³)
556 4660 631 4715 seille
650 4659 678 4715 iu
696 4658 829 4731 uurginc.
