3792 5375
932 608 1086 663 ,v-

406 786 614 873 disciplinam
645 786 783 867 edituri,
813 786 856 852 de
886 785 979 851 istius
1011 785 1200 850 rnonastcn'i
1231 793 1304 849 ortu
1334 793 1365 850 et
1390 784 1591 850 incremento

405 894 517 980 aliqua
541 892 703 959 disserere
726 893 966 978 proposuimus.

497 999 658 1066 radone
681 1022 759 1082 ergo
783 1001 1016 1065 nonam-ium
1041 999 1073 1065 in
1098 1022 1178 1082 agro
1202 998 1380 1082 Acutiano,
1402 996 1492 1063 hand
1515 1018 1591 1084 pro·

406 1107 459 1173 cul
483 1128 503 1172 a
527 1106 632 1173 Faria
655 1109 741 1187 n'ro,
772 1107 860 1173 nnde
891 1115 923 1173 ct
955 1129 1072 1173 nornen
1100 1107 1220 1188 traxit,
1251 1106 1283 1171 in
1307 1104 1431 1171 Sabina
1460 1104 1592 1188 regione

406 1216 515 1296 sitnm,
540 1216 567 1280 si
591 1215 733 1300 antiquis
757 1214 962 1280 documentis
987 1215 1067 1279 tides
1092 1213 1245 1278 babenda
1268 1212 1349 1278 soret
1370 1212 1439 1296 j:nn
1460 1209 1592 1278 saeculo

406 1332 525 1406 «ponto
562 1323 717 1405 originem
760 1321 905 1389 deberet.
965 1321 1179 1387 lannentiom
1218 1318 1380 1405 qnondam
1421 1320 1590 1385 eremitam

405 1428 559 1495 Gratiani
595 1429 800 1514 imperatoris·
837 1429 1038 1513 temporibus
1074 1449 1161 1493 anno
1196 1452 1224 1495 c.
1257 1432 1314 1492 381
1354 1425 1522 1491 basilicam
1557 1432 1592 1493 et

405 1536 521 1601 cellam
554 1536 587 1600 in
618 1537 682 1601 isto
706 1559 786 1620 agro
810 1536 978 1601 ,beatiano
1002 1534 1229 1602 Vandalomm
1254 1555 1329 1599 rero
1352 1530 1591 1599 incursionibus

406 1665 481 1708 mox
511 1642 696 1708 desolatam
733 1642 920 1718 „Historiae
945 1642 1133 1708 Foriensis·
1148 1641 1174 1729 ¹)
1206 1640 1299 1707 nobis
1328 1647 1480 1706 auctores
1503 1645 1590 1720 sunt,

405 1748 573 1819 fundasse.
626 1750 727 1816 Anno
766 1750 841 1815 dein
879 1756 944 1815 631)
981 1748 1273 1834 longobardonnn
1309 1757 1454 1834 ternpore
1489 1746 1591 1813 slinm

405 1857 575 1922 eremitam
591 1855 751 1921 ‘l'bonrarn
776 1857 906 1922 nomine
922 1857 1022 1922 ritam
1047 1857 1261 1922 pronasticam
1285 1855 1363 1921 inibi
1387 1862 1591 1921 restaurasse

405 1962 540 2029 eaedem
563 1963 721 2029 historiae
744 1963 840 2030 nobis
863 1962 1021 2030 referunt.

495 2069 591 2156 Quae
615 2070 657 2135 de
680 2070 753 2155 ipsa
776 2070 884 2156 prima
914 2070 1106 2136 fundatione
1130 2070 1235 2156 deque
1258 2069 1428 2136 laurentii
1451 2090 1592 2156 persons

404 2176 558 2243 babenda
589 2177 672 2261 sint,
702 2178 774 2259 jam
806 2176 994 2243 Betbmann
1026 2178 1058 2243 in
1089 2176 1319 2242 dissertatione
1348 2176 1392 2243 ad
1422 2176 1590 2244 Historias

404 2283 584 2350 Farseases
615 2293 729 2369 aperte
760 2283 951 2368 declararit,
962 2284 989 2371 ¹)
1022 2284 1184 2369 bajus-qne
1215 2283 1301 2349 docti
1326 2284 1384 2350 riri
1408 2283 1591 2350 sententias

404 2391 546 2457 libenter
569 2390 814 2458 subscribimus.

494 2497 632 2563 Missam
657 2498 756 2580 igitur
778 2497 936 2564 bacientes
961 2498 1167 2564 narrationes
1191 2498 1272 2563 istas
1295 2496 1336 2563 de
1351 2497 1534 2565 Larrrentio
1556 2503 1592 2566 et

405 2603 577 2670 Farsensis
593 2606 783 2670 monasterii
799 2605 894 2671 initia
909 2606 1040 2672 nonnisi
1056 2605 1098 2670 ad
1112 2605 1283 2691 septimum
1300 2605 1409 2671 exiens
1425 2604 1589 2673 saeculnm

404 2711 595 2795 reserentes,
619 2710 779 2778 'I'bornam
805 2714 876 2799 ejus
900 2715 1037 2798 primani
1063 2712 1269 2780 sirrrdatorenr
1288 2712 1387 2780 suis-se
1401 2713 1588 2783 asserimus.

403 2817 548 2885 Thomas
579 2820 641 2885 iste
670 2842 710 2885 ex
734 2818 848 2886 Gallia
878 2820 1035 2886 oriundos
1065 2821 1098 2887 in
1129 2842 1209 2905 agro
1232 2819 1396 2888 Acirtiano
1425 2842 1491 2887 nne
1513 2843 1587 2889 enm

404 2927 501 2993 sociis
524 2928 738 2993 monasticam
763 2928 865 2994 vitam
888 2928 1009 2993 ibidem
1033 2928 1187 2998 institnit.
1222 2928 1411 2994 Percrebnit
1429 2928 1587 3014 perdatim

403 3035 543 3100 rironnn
562 3035 698 3099 istorum
720 3036 907 3100 sanctitatis
924 3034 1012 3101 berria
1029 3044 1131 3101 totam
1149 3036 1406 3102 cirennnicinam
1423 3036 1587 3121 regionem

403 3152 435 3207 et
460 3140 605 3207 fidelium
629 3139 861 3226 oblationibus,
886 3143 1079 3226 pracsertim
1104 3165 1180 3208 rero
1203 3142 1393 3230 Famaldib
1416 3142 1588 3230 Spoletsni

403 3248 496 3314 ducis
531 3248 696 3332 adjntorio
727 3251 960 3316 monasterinm
992 3259 1141 3317 recenter
1170 3257 1370 3317 exstructum
1399 3251 1431 3317 in
1460 3259 1587 3338 ternpo-

403 3355 527 3421 ratibus
551 3378 681 3442 (proque
696 3358 808 3423 erevit.
840 3356 987 3423 'I'bomas
1003 3358 1127 3443 primns
1144 3357 1402 3443 congregationis
1417 3357 1588 3425 Foriensis

402 3461 507 3528 abbas
537 3464 676 3548 triginta
705 3472 737 3529 et
769 3465 914 3549 qnirnpre
942 3487 1102 3530 annornm
1134 3464 1273 3531 decursu
1302 3463 1452 3531 baculum
1474 3473 1587 3552 pasto·

402 3568 506 3635 rolens
529 3570 645 3635 tenuit.
684 3570 769 3654 Ejus
793 3570 918 3637 obitum
943 3571 986 3636 ad
1011 3571 1075 3641 lv.
1099 3570 1181 3637 Idas
1205 3570 1396 3638 Decembris
1419 3572 1498 3638 anni
1522 3577 1588 3639 120

401 3674 560 3744 referunt.
613 3674 756 3758 Orsines,
798 3678 855 3763 qni
899 3679 928 3743 ei
971 3678 1005 3743 in
1049 3677 1207 3744 abbatiali
1245 3679 1400 3762 regimine
1440 3679 1588 3766 proxime

402 3791 641 3864 successerunt,
666 3806 731 3850 nno
747 3784 858 3851 Probo
882 3793 1030 3870 excepto,
1055 3783 1177 3851 Franci
1195 3784 1284 3852 suere
1298 3785 1438 3871 indeque
1452 3785 1587 3868 sanum,

402 3899 437 3953 nt
453 3888 594 3955 Carolus
610 3888 753 3973 Magnus
769 3889 1067 3976 longobardorum
1091 3914 1192 3976 regno
1215 3892 1381 3959 destmeto
1396 3893 1459 3978 ipsi
1474 3914 1587 3960 mons·

402 3996 503 4062 sterio
541 3995 781 4064 irnrnnnitatem
816 3999 1013 4066 concederet
1023 3999 1049 4083 ³)
1086 3998 1231 4085 illudque
1269 3998 1490 4085 imperialibus
1529 3998 1588 4067 ad·

403 4111 600 4170 rrrrrnersret.
640 4103 839 4190 Prosperina
864 4105 940 4173 dein
964 4108 998 4173 in
1022 4106 1091 4172 dics
1115 4128 1135 4173 a
1158 4104 1298 4174 Snnrmis
1321 4128 1450 4194 puroque
1471 4106 1587 4175 Ponti·

403 4209 518 4276 fieibns
549 4210 741 4278 decoratum
771 4213 950 4299 privilegiis
973 4216 1208 4281 incrementum
1240 4214 1325 4301 cepit
1354 4214 1588 4282 monasterium

492 4407 514 4476 ¹)
533 4407 606 4463 lion
626 4406 718 4464 Germ.
736 4409 783 4466 SS.
802 4410 853 4480 111,
871 4409 925 4467 522
938 4427 976 4467 ss.

491 4493 514 4565 ⁹)
532 4496 606 4553 lion.
624 4497 716 4554 Germ.
734 4498 791 4556 be.
809 4499 913 4570 11524.

491 4583 514 4652 ⁸)
533 4586 558 4641 ll
577 4586 698 4657 Regesto
723 4587 752 4642 di
778 4588 853 4644 iaris
872 4590 900 4645 di
918 4590 1054 4661 Gregorio
1073 4590 1172 4646 t'atino
1190 4589 1327 4661 publicato
1351 4588 1387 4645 ds
1404 4590 1432 4647 J.
1449 4588 1588 4660 Georgia

402 4676 435 4733 U.
448 4673 562 4731 balzani
581 4675 654 4745 (Vol.
668 4675 757 4732 11-1’
771 4675 1221 4751 Bibliotliecae„1lellsSoeiettdi
1238 4678 1329 4735 Storis
1341 4678 1465 4746 Patris“)
1483 4677 1521 4749 11,
1535 4676 1588 4734 108

401 4765 452 4821 No.
472 4764 522 4820 141
535 4779 575 4821 ss.
