3792 5375
174 919 195 950 t·
216 914 243 954 P.
252 913 278 953 l..
288 912 389 960 LXXl'l,

173 985 237 1025 1249.
252 983 278 1025 C·
295 983 388 1028 tllonll.

169 1054 388 1106 (saraptanae.

207 1127 258 1176 xv,
272 1126 356 1175 1-10).

170 1218 198 1258 <n
218 1215 286 1264 luta,
298 1214 389 1265 mli,

274 1288 295 1327 Ι.

169 1380 201 1419 (r)
221 1377 247 1417 Ρ.
259 1376 285 1416 L.
301 1374 382 1424 XXVI,

186 1450 237 1488 182.
251 1449 285 1496 (in
301 1446 382 1488 ttattlr·

218 1516 304 1569 xvlll,
319 1520 348 1567 1).

238 1660 277 1702 roi.
292 1661 331 1702 w

881 593 1125 655 -116-

419 788 639 852 Accesserant
659 789 708 851 ad
728 786 846 860 Jrsam
865 786 1057 870 plublicaui:
1080 784 1255 870 incipiente
1277 784 1312 850 in
1334 783 1407 850 loco
1430 799 1495 869 quo
1516 783 1595 850 scri·

416 892 518 973 bitur,
541 893 750 977 Angelorum
774 892 892 977 quippe
914 905 946 958 et
967 893 1131 957 insitiuum
1160 890 1364 957 natumsed*
1373 890 1398 976 ¹)
1444 888 1594 973 Cantica,

418 1002 559 1066 Domine
581 1002 738 1066 ricomere
760 996 915 1065 nasone)
946 996 988 1063 In
1011 998 1109 1063 tertio
1132 996 1274 1064 homelia
1296 997 1401 1063 sancti
1423 996 1596 1063 hieronimi

417 1105 460 1170 de
482 1103 669 1189 evangelio,
696 1109 917 1171 Accesserant
946 1108 996 1171 od
1011 1107 1126 1193 jesmu
1157 1106 1315 1190 discipali
1341 1107 1413 1192 apros
1441 1105 1595 1184 dicentes,

416 1215 490 1298 puis
515 1211 665 1297 puteat>
710 1210 968 1296 Rcspousorium
1000 1217 1152 1295 quartum
1186 1209 1251 1276 duo
1283 1211 1402 1277 iratres
1430 1217 1595 1295 promant,

417 1324 568 1383 «setarum
592 1324 757 1403 quattuor,
781 1316 1009 1384 duodecimum
1037 1318 1195 1403 quinqu03
1226 1317 1410 1404 quindecim
1438 1315 1597 1384 candelae

418 1421 643 1490 accendantur
665 1425 699 1490 in
722 1424 899 1509 vestienti),
923 1424 1008 1490 duae
1032 1432 1212 1509 augeantur
1234 1430 1311 1491 ante
1341 1423 1447 1490 altare
1477 1424 1596 1510 majus,

419 1530 568 1597 similiter
591 1537 771 1597 extrorsum
795 1539 829 1597 et
843 1553 902 1618 per
917 1551 1179 1616 unamquamque
1195 1552 1286 1596 aram
1303 1552 1369 1597 runa
1384 1530 1595 1597 illuminetur.

419 1638 460 1704 In
476 1638 644 1703 matutinis
660 1636 811 1704 laudibus
823 1637 847 1724 Η
861 1639 1111 1723 responsorium,
1136 1641 1255 1704 Scrtrcte
1278 1640 1444 1705 michahel
1455 1640 1598 1704 orclan-

413 1748 493 1832 gcle
515 1748 655 1830 desmde
669 1767 726 1811 tros
741 1748 777 1811 in
787 1747 930 1830 praelio.
954 1743 1089 1825 Verane,
1115 1747 1158 1813 Ut
1171 1768 1233 1812 troo
1241 1757 1432 1830 percurrens.
1455 1742 1597 1823 Ymnus,

427 1855 501 1919 ribi
524 1853 664 1918 Christe.
702 1850 837 1933 Versus,
860 1854 899 1918 In
922 1865 1091 1938 conspecta
1112 1853 1319 1937 angelorum.
1355 1849 1473 1918 Oratio
1496 1850 1599 1937 ipsius

420 1958 496 2025 diei.
528 1956 585 2024 Ad
608 1959 781 2024 stationem
805 1956 995 2043 antiphona,
1020 1960 1154 2044 Angeli,
1178 1960 1386 2045 archangeli.
1417 1958 1509 2024 Anto
1532 1957 1598 2045 pri·

420 2088 507 2133 mom
543 2064 711 2133 secretarii
745 2063 904 2131 collocent
937 2064 1090 2131 bancalia
1124 2065 1157 2131 in
1191 2064 1345 2151 capitulo.
1392 2063 1599 2150 Antiphone,

420 2177 513 2242 Dum
537 2196 671 2240 socrum
695 2176 903 2258 apsterimtm
934 2170 1130 2258 Tripliciter.
1175 2171 1282 2240 Missa
1307 2171 1534 2239 matutinalem
1557 2169 1600 2237 de

420 2289 536 2346 sancto
570 2277 796 2363 michahelotl)
829 2285 863 2345 et
892 2300 1006 2345 oannes
1035 2278 1208 2363 collectae,
1242 2298 1327 2365 quae
1357 2275 1487 2363 solitit!)
1510 2283 1599 2357 sunt,

422 2386 584 2454 dicantur.
629 2384 793 2470 Epistola,
820 2388 866 2452 Er
882 2391 1018 2472 sactum
1042 2399 1092 2453 cst
1107 2388 1276 2472 praelium
1300 2389 1335 2453 in
1359 2383 1497 2454 caelat>
1540 2382 1600 2451 Ad

421 2494 553 2559 missurn
578 2492 734 2578 majorem
757 2514 868 2558 omncs
891 2492 1079 2559 sacerdotes
1108 2499 1207 2578 atque
1236 2491 1355 2559 levitae
1384 2497 1542 2558 moment
1564 2512 1600 2558 se

421 2599 546 2686 cappis.
592 2598 634 2665 In
658 2598 761 2667 altare
785 2600 907 2685 majore
930 2598 995 2665 duo
1027 2597 1126 2687 podia
1154 2606 1189 2665 et
1217 2599 1327 2666 album
1358 2604 1599 2685 superponant:

422 2716 547 2793 septem
571 2707 657 2773 cerei
679 2706 818 2773 ardeant
839 2729 913 2773 cum
936 2708 1012 2788 illis,
1036 2730 1118 2794 quoa
1134 2708 1281 2775 conuersi
1296 2706 1459 2790 deterunt,
1483 2712 1517 2772 et
1531 2712 1601 2772 tres

422 2821 520 2882 retro.
552 2811 700 2880 Officium
723 2835 780 2880 sex
802 2820 947 2884 teneant
979 2813 1094 2881 Lectio
1116 2813 1156 2881 de
1172 2813 1363 2901 apocalipsi,
1389 2816 1604 2901 Significavit

423 2920 549 2990 neustr>
598 2918 853 3006 Responsorinm
892 2919 957 2987 dno
995 2919 1181 2988 decantent
1241 2920 1389 3006 Alleluia
1425 2926 1600 3006 qnattnor:

424 3025 604 3094 Offertoria
626 3024 691 3092 duo
714 3026 886 3112 accipiant.
934 3026 991 3093 Ao
1014 3025 1214 3094 offerendam
1236 3027 1301 3095 duo
1323 3026 1470 3095 turibula
1500 3048 1604 3094 aurea

425 3131 570 3200 habeant
592 3140 792 3219 praeparata
814 3132 878 3199 dno
901 3133 1039 3217 tratres3
1061 3156 1137 3200 mox
1159 3141 1197 3201 ut
1218 3132 1379 3202 dixerint:
1410 3138 1504 3203 Doto
1527 3147 1605 3202 sunt

424 3246 458 3309 ei
478 3243 609 3308 incenso
633 3243 749 3322 caedra,
774 3247 851 3306 tunc
873 3239 970 3307 detor
985 3239 1028 3307 ad
1044 3239 1247 3307 sacerdotem
1262 3262 1362 3307 unum
1378 3262 1418 3306 ex
1438 3238 1602 3322 turibulis,
1683 3329 1687 3336 ι

425 3355 463 3413 ut
484 3348 631 3414 incenset
652 3346 794 3416 calicem
840 3344 915 3432 Quo
937 3355 1070 3434 recepto
1092 3346 1292 3434 praecedant
1318 3346 1384 3414 duo
1413 3345 1603 3414 sacerdotes
1669 3426 1674 3437 ,

425 3455 459 3520 in
481 3454 596 3540 cappis
618 3461 651 3521 et
674 3460 762 3520 stent
784 3473 805 3519 a
827 3453 932 3521 latere
956 3454 1072 3521 altaris
1100 3453 1176 3521 hinc
1204 3461 1239 3520 et
1264 3453 1341 3521 inde
1362 3460 1513 3521 tenentes
1536 3453 1604 3522 dno

426 3559 570 3627 turibula
593 3559 877 3646 thymiathizantes
892 3581 985 3627 uram
1001 3559 1150 3648 desuper,
1174 3582 1343 3646 quousque
1358 3559 1436 3627 dum
1451 3560 1602 3647 repetitio

426 3666 468 3733 de
491 3688 597 3750 remo,
620 3670 665 3735 Et
686 3672 834 3735 escendit
850 3673 983 3753 fissurus,
1007 3666 1169 3735 Cantores
1191 3666 1349 3734 finierint:
1374 3674 1408 3734 et
1429 3676 1511 3734 tnnc
1525 3676 1606 3734 eant

427 3773 615 3856 adulteria,
636 3795 720 3860 quae
742 3774 807 3840 site
828 3781 906 3841 sunt
926 3781 1004 3861 post
1021 3774 1136 3861 majus,
1159 3775 1228 3859 illa,
1251 3796 1356 3859 mam,
1380 3795 1464 3861 quae
1479 3774 1605 3841 assistit

427 3881 460 3947 in
484 3880 591 3948 medio
613 3881 781 3947 incensent
802 3881 900 3948 ambo
921 3880 1034 3963 amul,
1068 3889 1103 3949 et
1130 3888 1209 3949 tunc
1237 3880 1420 3967 procedant
1447 3879 1492 3948 ad
1521 3880 1606 3948 alias

427 3987 538 4054 arulas
562 3988 781 4074 unusquisque
803 3988 880 4054 liiac
903 3996 937 4055 et
956 3988 1032 4055 inde
1055 3987 1286 4055 circumdando
1301 3988 1451 4073 incens03
1474 3987 1608 4074 expleta

427 4095 528 4161 missa
550 4101 668 4161 sonent
689 4095 798 4159 omnia
819 4095 921 4180 signa
958 4095 1000 4161 In
1023 4094 1111 4161 horis
1132 4095 1283 4162 dicantur
1298 4094 1460 4179 versiculi,
1482 4093 1607 4180 quasti)

428 4222 526 4286 super
541 4202 733 4268 nocturnale
749 4199 939 4287 obsequium
956 4201 1076 4268 luerint
1091 4209 1124 4268 et
1138 4223 1197 4288 per
1212 4222 1476 4288 unamquamque
1490 4201 1607 4269 horam

429 4316 498 4374 tres
513 4306 670 4375 candelae
686 4307 878 4375 accendunt.
909 4307 966 4375 Ad
983 4330 1135 4396 vesperas
1150 4309 1293 4396 quinque
1308 4309 1393 4376 cerei
1409 4315 1487 4376 ante
1501 4329 1607 4394 mam,

430 4421 519 4480 retro
535 4421 613 4480 tres.
643 4413 846 4500 Antiphone,
864 4417 963 4483 Stetit
976 4420 1126 4502 arrgelus.
1157 4414 1320 4499 Psahnus,
1336 4418 1432 4484 Dicit
1443 4416 1607 4483 derainer.

429 4518 633 4605 Antiphona,
649 4522 810 4589 Asceudit
824 4525 958 4607 fisenus.
986 4520 1147 4607 Psalmns,
1172 4525 1295 4590 Beatus
1310 4526 1376 4594 uir.
1401 4521 1608 4610 Antiphone,

521 4748 675 4820 ,m
