3792 5375
227 786 271 825 fol.
288 787 328 826 ‘8'

891 573 1135 636 -156-

511 767 536 856 ][
551 766 693 851 Quando
709 766 776 832 duo
793 763 934 831 turibrda
952 772 1029 830 suut
1052 764 1084 830 in
1100 763 1180 849 ipsis
1204 761 1308 846 festis,
1332 762 1437 829 abbas
1460 760 1607 828 induitur

422 876 588 955 ardunum,
613 874 716 939 frater
730 870 984 938 ebdomadarius
1000 869 1043 935 ad
1059 870 1159 936 alium
1176 868 1223 955 (l).
1241 867 1278 936 Si
1294 869 1398 937 abbas
1414 891 1480 936 non
1497 869 1605 951 fuerit,

422 980 676 1048 ebdomadarius
700 979 895 1046 revestiatur
915 984 949 1042 et
972 999 1055 1043 rinus
1076 999 1116 1043 ex
1140 976 1308 1060 fratribus,
1332 976 1385 1044 cui
1408 975 1606 1044 secretarius

421 1088 583 1155 annuerit.

510 1193 652 1281 Quando
682 1192 788 1260 abbas
817 1191 951 1257 indutus
976 1191 1077 1285 fuerit
1106 1190 1150 1256 ml
1174 1192 1336 1257 condemn
1360 1188 1402 1258 de
1426 1187 1605 1276 evangelio,

421 1312 453 1367 et
477 1300 731 1368 ebdomadarius
747 1322 787 1365 ex
803 1298 869 1365 alia
889 1307 994 1385 parte,
1018 1299 1192 1364 Armarius
1209 1299 1330 1384 quippe
1347 1296 1445 1364 debet
1460 1297 1606 1364 invenire

422 1408 591 1475 collertmu
605 1415 639 1474 et
651 1408 778 1493 siguum
796 1427 927 1491 ponere.
951 1403 1216 1471 Ebdomadarius
1232 1404 1346 1488 furter,
1359 1404 1416 1489 qui
1432 1404 1606 1471 revestitus
1724 1444 1731 1462 ›

421 1524 479 1596 ost,
503 1521 616 1581 teneat
631 1514 865 1581 collectauemu
883 1521 961 1579 ante
977 1511 1141 1592 abbatem,
1165 1512 1193 1578 si
1216 1511 1247 1578 ei
1262 1511 1458 1598 penuiserit,
1482 1511 1511 1577 si
1529 1532 1606 1579 rero

421 1643 504 1700 nou,
528 1642 611 1686 unus
635 1642 675 1687 ex
694 1617 881 1705 juvenibus,
907 1618 965 1705 qui
989 1625 1078 1684 stant
1102 1617 1146 1685 ad
1170 1617 1320 1702 formam,
1344 1622 1456 1685 teneat
1480 1618 1521 1685 ei
1567 1616 1605 1685 Si

421 1727 525 1795 abbas
547 1726 682 1793 iudutus
706 1727 805 1792 fuerit
828 1725 928 1807 solus,
953 1732 1036 1793 uuus
1058 1747 1097 1792 ex
1117 1724 1292 1811 juvenibus
1313 1723 1471 1791 fratribus
1493 1722 1605 1795 faciat.

509 1833 545 1901 Si
569 1833 742 1900 duodecim
766 1831 924 1899 lectiones
947 1830 1232 1912 laetaniarum,
1263 1830 1345 1899 feria
1368 1838 1491 1917 quarta
1512 1833 1605 1918 pueri

421 1964 485 2008 uon
509 1941 622 2007 larent
649 1939 757 2026 capita
789 1960 850 2005 nec
880 1937 1105 2006 calciamenta.
1158 1937 1201 2005 Iu
1224 1936 1458 2006 festivitatibus
1488 1938 1606 2025 quibus

422 2048 654 2114 monasterium
678 2053 783 2114 totum
806 2052 856 2113 est
880 2052 1043 2130 omrrrtum,
1067 2043 1117 2114 rel
1142 2044 1329 2129 dimidium,
1358 2043 1403 2112 ad
1432 2044 1533 2114 lrorus
1555 2069 1605 2115 re·

419 2155 551 2241 gulares
567 2162 635 2221 tres
651 2153 786 2221 candele
801 2151 943 2220 ardeant
957 2160 1034 2219 ante
1050 2151 1165 2222 altare.
1200 2151 1431 2245 Postqmissam
1447 2153 1604 2239 majorem
1650 2147 1655 2158 '

420 2262 529 2329 omnia
552 2261 643 2346 sigua
669 2260 849 2346 pulsentur.
1290 2248 1296 2262 ⁶

509 2368 551 2435 Iu
574 2369 725 2435 mavimis
757 2366 991 2433 festivitatibus
1019 2366 1190 2434 duodecim
1214 2366 1413 2434 caudelabra
1437 2367 1505 2435 sint
1526 2376 1605 2437 ante

420 2476 526 2543 altare
549 2476 666 2561 uurjus,
690 2473 734 2541 ad
758 2474 921 2540 matutina
944 2473 1042 2541 laude
1065 2480 1098 2540 et
1119 2474 1251 2540 missam
1272 2481 1307 2541 et
1321 2495 1508 2560 vesperum
1530 2474 1605 2543 aliis

420 2582 509 2649 horis
531 2590 568 2650 ut
590 2582 736 2668 supra.¹)
774 2580 916 2668 Quando
938 2579 1190 2667 unumquodque
1214 2582 1457 2667 responsorium
1480 2603 1502 2649 a
1524 2581 1605 2651 duo·

419 2690 481 2758 bus
510 2689 667 2758 fratribus
698 2696 853 2757 cantatur
880 2689 924 2756 ad
953 2689 1178 2771 matutinos,¹l
1207 2712 1274 2757 uua
1304 2689 1376 2757 sola
1398 2689 1537 2758 collecta
1560 2689 1605 2757 ad

380 2788 385 2795 ’
421 2797 552 2865 missam
577 2795 804 2865 matutinalem
826 2795 957 2880 dicitur,
981 2804 1013 2863 et
1036 2797 1070 2863 iu
1092 2796 1173 2883 ipsis
1187 2794 1305 2864 diebus
1321 2818 1387 2865 nou
1403 2798 1606 2881 cantatur,¹)

422 2908 482 2972 ald
502 2908 692 2986 Dominum,
718 2929 791 2971 cam
814 2907 1009 2986 tribularer,
1033 2925 1093 2990 pro
1117 2902 1281 2970 defunctis
1305 2902 1350 2971 ad
1371 2901 1484 2972 boras.

510 3008 546 3078 Si
569 3012 727 3097 magister
755 3031 857 3095 puero
887 3009 1029 3077 mittitur
1057 3010 1092 3076 iu
1110 3010 1282 3096 judicium,
1306 3010 1417 3078 nullus
1440 3010 1539 3079 debet
1562 3011 1605 3077 ab

419 3117 494 3185 aliis
509 3117 548 3204 (l)
567 3117 730 3203 pertinere
747 3116 808 3183 nisi
824 3116 879 3183 ille
896 3118 951 3202 qni
974 3115 1122 3184 ordinem
1145 3125 1252 3184 tenet:
1278 3118 1305 3185 si
1328 3118 1450 3185 bonum
1475 3118 1605 3186 ridetur

420 3233 454 3291 ut
477 3223 679 3308 absolvatur,
703 3225 830 3310 siguum
854 3224 1012 3310 magistro
1035 3223 1145 3308 farciat,
1169 3231 1208 3291 ut
1226 3223 1453 3293 absolvantur.

509 3330 673 3399 Sacerdos
708 3352 774 3398 non
804 3337 897 3416 petat
934 3330 1061 3398 veniam
1091 3330 1135 3398 ad
1166 3330 1403 3400 confessionem
1436 3331 1568 3403 levitae.
1579 3333 1604 3417 ¹)

419 3437 535 3506 Abbas
558 3438 626 3504 sire
649 3436 838 3505 sacerdotes
867 3459 997 3523 semper
1026 3437 1285 3506 satisfactionem
1308 3439 1396 3506 iuter
1418 3460 1454 3506 se
1477 3438 1604 3507 faciant

418 3544 550 3631 quando
572 3543 635 3613 hoe
657 3552 771 3631 agunt

506 3650 604 3720 Omni
621 3673 764 3739 namque
780 3659 926 3738 tempore
941 3650 1074 3738 quaudo
1091 3653 1134 3719 sit
1152 3651 1371 3736 intervallum,
1387 3651 1432 3719 ad
1446 3651 1604 3721 lectiones

402 3757 618 3842 vacandum,
649 3759 766 3826 tandiu
797 3757 894 3825 debet
919 3759 1022 3825 teneri
1046 3759 1171 3843 signum
1196 3757 1240 3825 ad
1263 3759 1401 3845 primam
1433 3781 1604 3847 quousque

418 3866 612 3932 conveniant
641 3887 765 3947 omnes,
789 3872 823 3931 et
845 3872 970 3950 septem
994 3864 1137 3951 psalmos
1159 3867 1338 3933 decantare
1360 3867 1490 3952 possint
1511 3866 1605 3935 ineli-

417 3972 496 4053 nati,
521 3979 554 4039 et
577 3972 666 4038 facto
690 3973 783 4057 siguo
806 3970 849 4037 ab
873 3969 993 4038 abbate
1016 3970 1236 4055 dimittantur,
1259 3979 1293 4038 et
1315 3970 1398 4037 bora
1421 3972 1604 4042 inchoetur.

419 4076 473 4143 Ad
497 4078 639 4160 tertiam,
664 4080 731 4143 sire
755 4085 881 4144 sext-mr
902 4076 953 4144 rel
976 4099 1095 4145 nonam
1121 4077 1247 4145 tamdiu
1271 4083 1384 4145 teneat
1407 4081 1605 4148 secretarius

417 4183 594 4250 secuudum
618 4186 762 4271 siguum,
798 4206 968 4270 quousque
1002 4184 1106 4252 abbas
1141 4186 1251 4254 veniat
1285 4185 1318 4253 in
1348 4186 1461 4256 choro.
1507 4185 1604 4254 Etsi

417 4289 522 4357 abbas
545 4290 652 4373 deest,
676 4312 742 4357 non
766 4297 816 4357 est
838 4312 973 4358 neeesse
995 4290 1211 4378 expectando.
1258 4290 1362 4361 Sexta
1384 4291 1469 4360 hora
1491 4299 1605 4361 teneat

417 4397 594 4463 secuudum
626 4399 751 4483 siguum
782 4394 984 4484 usquedum
1009 4398 1149 4482 dicatur,
1173 4402 1266 4467 Deus
1288 4402 1498 4469 misereatur.
1545 4399 1604 4467 Ad

418 4523 536 4570 nouam
561 4503 763 4588 temporibus
786 4505 986 4571 meridianae
1010 4510 1122 4572 teneat
1137 4505 1262 4573 seillam
1284 4511 1412 4572 tantum
1434 4526 1604 4593 quousque

516 4649 632 4658 -ο-ο

508 4731 530 4799 “)
548 4732 663 4793 aarum
