3792 5375
877 585 1125 648 -126-

413 784 486 860 post
508 775 680 844 Kalendas
710 777 877 862 incipiant.
925 775 960 842 Si
985 798 1062 842 vero
1085 778 1201 862 quinta
1224 775 1276 842 rel
1300 783 1392 843 sexta
1414 775 1498 842 seria
1520 775 1594 842 Ka·

413 882 527 949 leudae
544 885 784 968 superveniunt,
802 883 911 966 aliqnn
928 883 1059 966 privata
1074 882 1127 948 die
1144 893 1218 968 post
1234 881 1407 949 Kalendas
1422 882 1593 961 existente,

413 989 636 1074 psalmodiam,
661 990 825 1066 lcetiones,
850 998 880 1054 et
905 988 1078 1055 intervalla
1096 990 1144 1055 rel
1162 989 1272 1054 omnia
1289 990 1485 1074 compleant,
1509 989 1595 1056 sicut

256 1139 263 1151 ·
279 1113 290 1151 τ
306 1121 318 1143 ν
412 1103 479 1161 tota
495 1095 600 1161 hierna
616 1096 856 1161 consuetudinis
872 1104 923 1161 est
938 1097 1090 1179 retinere,
1115 1106 1146 1161 et
1165 1094 1329 1161 dominica
1344 1095 1595 1184 subsequente][

411 1202 565 1268 lectiones
578 1212 609 1267 et
622 1203 838 1286 responsoria,
849 1202 1024 1267 secundum
1034 1202 1431 1288 ordineminponantur.¹)
1453 1201 1593 1270 Custodi

411 1315 517 1374 autem
550 1309 706 1372 ecelesiae
741 1308 878 1374 sollicite
913 1307 1149 1394 proridendnm
1187 1316 1255 1388 est,
1294 1315 1328 1374 et
1356 1308 1416 1374 tali
1446 1315 1593 1394 tempore

410 1416 586 1481 matutinas
616 1415 730 1480 laudes
753 1415 854 1481 saciat
877 1416 1032 1499 incipere,
1063 1416 1219 1500 qrrrrtinus
1247 1416 1439 1495 matutinae,
1469 1414 1593 1498 Prima,

409 1521 551 1588 laetania
576 1522 669 1588 simnl
695 1544 767 1587 curn
785 1522 855 1588 luce
870 1521 1101 1607 perficiantur,
1126 1522 1153 1588 si
1169 1530 1280 1587 autern
1297 1522 1407 1608 aliqua
1424 1522 1593 1589 dubietate

410 1627 584 1711 deluditur,
616 1638 649 1693 ct
678 1628 802 1713 aliquid
831 1627 1042 1694 tenebrarum
1073 1637 1148 1712 post
1177 1627 1356 1694 laetaniam
1386 1629 1592 1709 remanserit,

410 1735 494 1800 sicut
516 1736 548 1800 in
572 1735 743 1801 intervallo
767 1757 864 1819 supra
889 1733 1013 1800 dictum
1037 1744 1098 1818 est,
1122 1734 1167 1801 ita
1194 1734 1319 1802 iaciant
1341 1735 1480 1803 iratres:
1505 1735 1593 1802 ride·

409 1840 495 1924 licet,
518 1851 555 1906 nt
572 1843 620 1907 ita
635 1844 740 1909 noctis
755 1849 903 1927 tempora
918 1850 1124 1926 peragentes,
1142 1850 1179 1908 ut
1194 1842 1305 1908 nullus
1322 1850 1453 1927 praeter
1468 1840 1593 1910 debiles

373 2014 378 2021 ,
409 1956 442 2013 ct
471 1957 600 2031 egrotos
629 1957 814 2015 revertatur
843 1947 886 2013 ad
914 1954 1065 2017 stratum.
1112 1947 1179 2014 Sed
1203 1950 1310 2033 prima
1333 1948 1397 2015 diei
1420 1949 1493 2016 luce
1516 1971 1592 2018 con·

409 2055 540 2120 veniant
560 2077 673 2121 ornnes
697 2056 728 2120 in
752 2055 929 2120 claustrum
954 2054 1188 2138 adiectiones,
1212 2078 1286 2122 cunr
1311 2056 1380 2137 tali,
1405 2056 1494 2123 velut
1515 2066 1594 2124 ante

410 2160 531 2227 dictum
555 2171 615 2243 est,
640 2161 807 2247 disciplina
828 2162 952 2230 sedere.
985 2161 1115 2228 Exhinc
1132 2185 1274 2249 namque
1294 2162 1502 2231 dimittantur
1517 2187 1592 2251 pro·

409 2270 581 2350 cessiones,
604 2292 688 2355 qnae
704 2269 808 2335 solent
830 2268 901 2334 lieri
925 2267 1007 2335 seria
1026 2277 1145 2354 quarta
1161 2276 1316 2351 etsexta,
1339 2277 1372 2336 et
1388 2271 1592 2354 mandatum,

361 2417 363 2421 .
409 2375 495 2460 quod
511 2376 594 2442 solet
610 2375 718 2442 tacere
734 2376 777 2442 ad
793 2397 954 2463 pauperes
970 2397 1072 2462 nsque
1088 2377 1121 2442 in
1134 2376 1243 2462 capud
1256 2377 1381 2464 jejunii.
1413 2376 1594 2445 Dimittant

408 2482 506 2548 etiam
518 2490 554 2548 et
564 2482 629 2548 duo
640 2484 785 2568 psalmos
796 2504 855 2568 pro
868 2481 1041 2566 defunctis,
1058 2487 1089 2551 Α
1094 2487 1120 2550 d
1128 2488 1297 2552 dominum
1310 2487 1383 2552 caia
1395 2486 1590 2568 tribularer,

408 2598 455 2673 et,
485 2592 539 2657 De
561 2594 743 2676 strosrnrdrs
772 2591 928 2676 usquein
952 2591 1205 2676 septuagesima
1252 2590 1310 2660 Ad
1333 2591 1591 2678 completorium,

406 2719 538 2782 ymnus,
570 2699 699 2765 Christe
729 2703 789 2783 qni
817 2700 876 2765 lux
906 2722 956 2780 rs,
988 2697 1112 2785 absque
1143 2699 1316 2767 duodecim
1338 2697 1534 2767 lectionibus
1557 2709 1592 2768 et

408 2803 544 2883 octabis,
567 2826 669 2890 usque
693 2806 725 2870 in
749 2804 870 2890 pascha
892 2804 1033 2874 dicatur.

495 2910 625 2998 Quarto
647 2911 763 2979 Nonas

408 3017 591 3084 novembris
614 3019 706 3106 tiatl)
726 3018 867 3085 officium
884 3017 999 3086 dicbus
1015 3027 1140 3106 septem
1156 3042 1217 3105 pro
1233 3021 1359 3088 cunctis
1374 3019 1591 3089 familiaribus

409 3125 529 3193 nostris
551 3125 649 3192 sicuti
672 3125 742 3192 lieri
766 3148 835 3192 mos
858 3135 908 3192 est
931 3148 992 3211 pro
1015 3124 1173 3193 iratribus
1195 3127 1325 3194 noviter
1347 3127 1525 3195 defunctis:
1556 3136 1590 3196 et

409 3252 473 3297 una
497 3232 628 3316 justitia
650 3230 746 3297 detur
768 3233 903 3317 triginta
926 3232 1053 3299 diebus.
1100 3233 1212 3299 Debet
1232 3232 1305 3300 fieri
1328 3241 1453 3319 septem
1476 3234 1591 3303 diebus
1635 3220 1641 3325 i

408 3337 538 3423 plenum
561 3338 713 3421 officium,
738 3348 771 3405 et
794 3340 827 3405 in
849 3343 956 3425 prima
979 3338 1033 3405 die
1056 3347 1188 3405 tantum
1211 3336 1345 3426 pulsare
1360 3343 1471 3408 omnia
1486 3342 1590 3428 signa,

408 3454 475 3513 tam
498 3445 541 3512 ad
564 3445 706 3531 vigiliam
730 3468 827 3533 qnam
851 3446 893 3513 ad
917 3448 1062 3513 missam.
1097 3445 1265 3514 collectae
1289 3450 1373 3515 sicut
1394 3448 1489 3515 solita
1512 3456 1590 3516 sunt

408 3552 578 3633 dicendae,
609 3554 655 3618 ita
685 3552 853 3637 dicantur,
884 3562 917 3619 ct
947 3555 981 3620 in
1011 3552 1185 3620 refectorio
1216 3553 1372 3641 quicquid
1395 3557 1590 3623 remanserit

408 3660 661 3746 elemosynarins
696 3661 852 3745 accipiat,
887 3670 921 3726 et
954 3683 1058 3745 nsque
1093 3661 1126 3727 in
1161 3661 1295 3745 triginta
1332 3661 1402 3729 dies
1436 3661 1470 3729 in
1499 3662 1590 3729 horis

407 3766 566 3850 dicantur,
591 3769 670 3834 l'oce
692 3791 775 3850 nera,
800 3774 832 3834 et
855 3775 930 3852 post
952 3767 1168 3853 expletionem
1193 3769 1426 3835 matutinorum
1445 3771 1589 3836 omnium

408 3882 607 3953 sanctornm,
638 3877 731 3941 Dens
761 3877 899 3941 naribus
929 3879 1069 3942 nostris:
1100 3876 1244 3961 quinque
1271 3876 1415 3961 psalmos
1442 3876 1589 3962 psallant

407 4003 466 4066 pro
488 3980 578 4066 ipsis

494 4085 668 4154 CXXIX.
702 4086 825 4155 Sancto
847 4109 978 4173 quoqne
1000 4108 1120 4154 menna
1142 4109 1211 4154 una
1232 4087 1286 4155 die
1390 4111 1397 4124 ·

408 4201 483 4260 aute
516 4192 725 4259 testivitatem
761 4195 866 4260 sancti
899 4195 1033 4261 martini
1067 4193 1192 4260 iaciant
1222 4202 1290 4261 tres
1312 4194 1468 4263 lectiones
1492 4200 1588 4277 etsi

407 4302 440 4366 in
463 4300 515 4366 die
538 4300 700 4368 dominico
723 4301 875 4383 evenerit,
899 4302 1121 4367 imitatorium
1147 4310 1284 4368 cantent
1298 4302 1339 4368 de
1355 4301 1408 4368 die
1424 4302 1587 4371 dominico

407 4415 440 4472 ct
473 4416 547 4472 octo
576 4407 730 4474 lectiones
760 4408 879 4492 legant.
925 4408 966 4474 ln
991 4408 1088 4475 tertio
1111 4416 1272 4476 nocturno
1295 4418 1437 4495 agente
1460 4418 1586 4479 sancto.

496 4566 518 4633 Ι)
537 4567 626 4623 term
646 4568 809 4633 ,lectiones‘
828 4585 913 4638 nsque
932 4568 1130 4639 ,inponantur‘
1150 4568 1179 4625 iu
1197 4584 1304 4626 maura.

494 4655 517 4723 ³)
535 4656 567 4712 ln
586 4665 680 4711 testu:
706 4658 824 4723 ,anrto
842 4657 934 4712 Nonas
952 4656 1108 4713 novembris
1126 4658 1243 4715 odicium
1262 4660 1311 4715 tlut
1329 4676 1378 4732 pre
1396 4660 1503 4717 cunctis
1521 4661 1587 4718 nde·

406 4744 475 4799 tibus
494 4744 587 4800 «liebus
606 4752 711 4815 septem
729 4761 779 4817 pro
797 4745 901 4801 cunctis
919 4746 1126 4803 frrmtuaabw
