3792 5375
750 525 973 589 ..71-

268 717 457 784 crucifixum
473 738 607 782 aureum
632 739 704 782 cum
728 718 864 802 gemmis
888 715 1085 784 adornatum
1109 736 1237 782 necnon
1261 724 1296 783 et
1318 724 1456 803 «quartur

268 846 386 909 aquarn
417 832 584 898 sanctam,
623 822 689 889 duro
719 846 759 890 ex
791 824 974 891 intrantibus
1001 820 1194 888 circumdati
1216 824 1338 890 tunicis
1359 843 1455 910 prae·

268 939 424 1016 parentur
454 929 497 995 ad
521 929 733 996 deserendum
764 941 892 1016 textes3
923 929 985 997 lroc
1007 936 1140 1013 patrato
1164 928 1193 1016 ][
1215 931 1378 996 amarius
1405 930 1456 997 in·

268 1049 367 1124 ponat
395 1037 636 1121 responsorium
660 1037 739 1117 lroc,
780 1042 909 1106 Eduxit
929 1058 982 1105 cos
1005 1039 1283 1126 ‹torru'uusjcsus,
1322 1045 1357 1104 et
1379 1036 1455 1120 ulia,

267 1166 351 1230 quae
384 1144 578 1209 conueniunt
607 1142 683 1210 huic
711 1144 959 1232 sollempnitati.
1011 1141 1230 1211 Venientibus
1256 1145 1369 1231 itaque
1394 1165 1457 1232 per

267 1254 464 1318 claustrum:

268 1389 371 1453 ,tqunm
408 1383 522 1438 frarem
566 1384 763 1440 t'andelaluuun
783 1385 945 1442 'turribulum
960 1382 1159 1439 t'nrdelabrom
1192 1382 1294 1441 Brucla·
1313 1386 1455 1456 &uptun

283 1478 361 1529 Saric-
383 1473 546 1528 fumifluum
618 1473 721 1528 ’l'extes
808 1475 921 1530 canan
999 1471 1117 1527 Tentura
1210 1472 1267 1530 iu
1341 1474 1421 1545 Saep-

290 1574 345 1617 tum
406 1565 519 1618 turrem
566 1562 764 1618 cunnum-am
783 1563 946 1620 Turibulum
961 1560 1160 1617 t'rndelubrum
1182 1563 1296 1620 Pomm
1336 1571 1418 1620 trun.

354 1678 517 1745 Sacerdos
552 1700 625 1745 cum
658 1678 744 1744 stola
774 1690 935 1765 sequatur
968 1677 1062 1763 rigna
1093 1678 1227 1763 regalia
1274 1678 1357 1747 Post
1379 1700 1454 1746 enm

266 1788 372 1852 seruiat
398 1787 487 1852 scola
510 1808 583 1852 curu
608 1787 784 1870 magistris.
831 1787 917 1854 Dein
941 1784 1098 1852 mcerdos
1120 1786 1206 1853 sicut
1225 1795 1302 1854 sunt
1316 1787 1454 1873 prioreu.

267 1896 316 1960 lla
341 1904 417 1959 tunc
440 1894 561 1960 laerite
584 1903 618 1960 et
641 1894 709 1977 alii,
733 1895 790 1981 qui
814 1896 963 1962 nesciunt
987 1899 1133 1960 cantune.
1173 1893 1355 1963 Venientes
1377 1914 1455 1961 reru

265 2003 297 2066 in
322 2002 408 2066 atrio
438 2009 515 2067 ante
543 2002 679 2086 januam
710 2003 903 2069 monasterii
926 2002 975 2068 ita
998 1997 1187 2067 debaebunt
1209 2008 1301 2068 utare
1327 1999 1385 2067 illa
1406 1999 1453 2068 ie·

264 2117 372 2174 centes
396 2108 557 2188 ordinate,
587 2107 885 2193 quaemadmodum
917 2115 1086 2176 uenerunt.
1134 2105 1290 2176 Seniores
1312 2107 1398 2175 ment
1419 2107 1454 2174 in

263 2215 363 2281 choro
397 2223 431 2281 et
466 2216 528 2282 hoc
563 2216 807 2302 rcspmnsorium
843 2222 1000 2295 cantant,
1042 2215 1118 2282 Nam
1153 2216 1365 2283 conturbetur
1397 2237 1455 2283 cor

263 2336 419 2389 restrum.
467 2322 635 2388 Iun-antes
659 2331 769 2389 autern
794 2323 828 2389 in
852 2320 1011 2409 templum
1035 2328 1215 2408 pemonent
1235 2320 1301 2389 imo
1317 2343 1452 2408 respon·

263 2430 393 2512 sociatu,
420 2433 494 2496 l'r'ri
507 2431 657 2496 Galiluci
670 2429 867 2496 sonantibus
883 2432 1010 2496 interea
1025 2428 1142 2513 signin
1164 2430 1309 2515 accipiat
1326 2449 1452 2515 cappae

261 2535 440 2602 aecclesiae
465 2547 575 2602 custos
599 2545 631 2602 ct
655 2536 777 2603 tribuat
804 2560 866 2623 per·
890 2535 1036 2617 sequtus
1059 2536 1161 2603 etiam
1191 2536 1236 2603 ad
1266 2544 1463 2608 oonrenoo'

262 2643 403 2710 infantes
426 2666 503 2711 vero
526 2644 665 2713 tunicas.
714 2644 868 2712 Dimissis
892 2642 995 2731 siguis
1019 2651 1139 2729 agatur
1160 2644 1303 2712 officium
1319 2642 1363 2712 ab
1377 2651 1454 2713 octa

261 2751 459 2820 cantoribus.
506 2750 688 2818 Duodecim
721 2751 859 2818 candele
889 2755 958 2819 sint
987 2757 1065 2815 ante
1097 2751 1203 2819 altare
1225 2759 1261 2819 et
1289 2752 1454 2839 posteriue

263 2882 330 2927 sex.
379 2860 530 2947 nlllcluja
553 2859 692 2944 primum
708 2880 730 2924 a
745 2865 914 2944 quattuor,
939 2855 1118 2924 secundum
1136 2879 1157 2925 a
1173 2881 1230 2926 sex
1246 2858 1458 2929 demutetur..

264 2969 370 3034 Credo
392 2970 427 3033 r'n
451 2990 551 3033 crurum
574 2968 670 3032 darm
701 2973 861 3046 canatur;
892 2964 1061 3033 offertoria
1084 2963 1150 3031 duo
1172 2967 1349 3053 excipiant,
1376 2973 1454 3054 pout

263 3094 389 3138 sacram
414 3072 589 3157 pulsentur
612 3073 706 3155 sigma
729 3073 849 3141 omnia.
886 3071 942 3139 Au
968 3093 1137 3158 vesperam
1154 3080 1318 3160 quotquot
1333 3072 1454 3141 iruerint

263 3178 462 3245 candelabra
482 3178 525 3245 ad
542 3200 681 3262 sacram,
706 3189 756 3245 tot
772 3178 831 3246 fiat
853 3187 887 3246 et
911 3177 955 3246 ad
979 3179 1083 3263 ipsam
1101 3179 1226 3249 luoranr.
1259 3181 1455 3268 Antiphon

264 3289 326 3352 Illi
346 3300 456 3353 atatem
473 3290 623 3372 prrffrcti
638 3289 935 3372 praedicavcrmrt.
978 3284 1141 3370 Psalmos,
1164 3291 1269 3357 onir
1290 3290 1452 3357 dominus.

264 3396 454 3479 t'oufitrbur.
502 3396 627 3460 Brutus
651 3395 716 3461 au'r.
758 3395 911 3463 errrelatr
925 3395 1030 3482 pratri
1050 3400 1084 3459 et
1107 3393 1288 3483 antiphona
1311 3393 1453 3483 desuper

264 3500 431 3584 ccarrgelio
454 3500 650 3586 triplicetur.

355 3606 472 3672 Lxx.
496 3605 564 3673 Per·
579 3607 821 3674 hebdomadam
833 3608 1071 3693 invitatorium,
1087 3612 1277 3676 Asccudcus
1287 3613 1325 3678 ἐκ
1335 3613 1450 3690 atrum,

264 3713 422 3780 lectiones
458 3714 500 3780 ud
537 3714 728 3781 nocturnale
762 3716 954 3801 obsequium
985 3713 1026 3782 de
1056 3714 1186 3782 actibus
1216 3715 1450 3804 apostolorum,

266 3823 419 3888 Primum
442 3824 620 3908 quidrur,⁴·‘
645 3831 678 3887 et
700 3822 865 3907 «putandam
889 3823 931 3890 de
956 3820 1160 3889 sermonibus
1182 3830 1372 3890 sanctornm
1393 3845 1452 3910 pa·
1503 3846 1531 3889 m
1640 3880 1650 3903 .
1683 3883 1691 3896 .

264 3940 349 3994 tcum
366 3929 426 4013 ipsi
451 3929 514 3995 dici
540 3930 781 3996 conuenientes.
818 3928 1075 4016 Respouson'um
1100 3927 1142 3995 de
1164 3929 1239 4015 ipsa
1261 3929 1449 3997 festivitate.

267 4035 321 4101 ,tu
351 4038 488 4122 primunr
520 4035 704 4121 psalmodia
737 4037 832 4102 sicuti
864 4035 952 4103 soliti
983 4044 1058 4101 sunt
1090 4035 1165 4103 aliis
1188 4034 1306 4105 diebus
1328 4045 1362 4104 et
1384 4035 1451 4104 lne-

264 4143 352 4210 tanie
374 4152 474 4226 atque
497 4163 593 4208 sacra
615 4166 675 4229 pro
699 4141 872 4211 defunctis.
919 4142 1002 4209 Post
1032 4142 1162 4209 tertiam
1186 4152 1287 4228 agant
1317 4143 1450 4211 missam

264 4274 304 4316 cx
328 4249 449 4315 domini
472 4249 664 4316 ascensione
688 4248 866 4316 laetaniam
890 4249 1022 4318 brevem
1044 4256 1123 4315 ante
1146 4248 1304 4319 dicenter.

354 4354 528 4421 Dominica
540 4357 646 4440 quium
658 4364 734 4441 post
746 4357 895 4425 ascensio
907 4355 1040 4424 domini.
1061 4354 1273 4438 l'itatoriurn,
1287 4359 1449 4448 Allelujcu

265 4464 433 4531 Christum
456 4466 699 4543 ascendentum
724 4463 952 4530 nratntinalcrn
969 4484 1097 4529 sacrum
1121 4484 1162 4529 cx
1186 4462 1308 4530 domini
1323 4462 1449 4531 exutm

266 4570 365 4647 tione,
385 4568 542 4653 urajorem
558 4568 599 4635 de
615 4568 777 4635 dominico
793 4567 857 4638 die.
889 4568 924 4637 Si
941 4568 1060 4652 uliquis
1076 4578 1208 4636 sanctus
1222 4567 1450 4638 adventaverit

265 4673 350 4740 iusta
380 4682 514 4759 octava,
549 4676 636 4743 uiride
666 4683 735 4741 tres
765 4674 924 4742 lectiones
954 4675 1053 4760 tium,
1089 4675 1320 4744 Insitatorinm
1347 4675 1446 4755 dicat,
