3792 5375
855 574 1103 637 -128-

384 767 639 851 remanentibus,
663 775 695 832 et
712 767 774 851 ipsi
790 772 866 852 post
883 773 1048 851 sumptum
1065 764 1173 832 cibum
1188 786 1311 832 nonam
1328 763 1450 836 dicant.
1480 763 1571 852 (Ser-

384 873 544 939 ritorihus
568 872 813 940 remanentibus
836 883 870 940 et
893 874 957 958 ipsi
980 879 1055 957 post
1079 879 1244 958 sumptum
1261 870 1368 938 cibum
1385 894 1473 940 nona
1489 873 1571 940 cele·

201 1010 232 1036 ο.
249 999 260 1038 z
277 1009 286 1029 ε
383 978 560 1064 bratnr)¹),
583 979 792 1066 postmodum
809 1001 874 1046 ιιοιι
892 986 1102 1046 reuertentur
1125 978 1167 1045 ad
1184 977 1363 1045 hibendum
1378 978 1404 1066 ][
1418 980 1452 1046 in
1468 979 1571 1046 reiec-

383 1087 513 1169 terium,
544 1109 646 1172 usque
670 1085 713 1152 ad
744 1085 957 1152 testivitatem
981 1092 1117 1152 sanctae
1139 1086 1272 1154 mariae.
1319 1084 1377 1152 nd
1401 1107 1570 1171 vesperam

383 1192 616 1259 inluminentur
638 1192 810 1260 duodecim
835 1194 921 1261 cerei
944 1199 1022 1258 ante
1047 1213 1149 1271 ararrr,
1179 1198 1270 1258 retro
1293 1191 1417 1263 decern.
1463 1192 1570 1278 Anty·

381 1298 510 1386 phonas
534 1308 613 1367 ante
637 1321 745 1366 aram:
782 1298 981 1386 antiphonas
1012 1299 1125 1365 dicant
1147 1298 1190 1365 cle
1213 1298 1294 1380 illis,
1329 1320 1415 1385 qnae
1448 1300 1482 1365 in
1512 1298 1569 1367 ob·

382 1406 528 1492 sequium
552 1407 747 1473 matutinale
771 1407 913 1473 inierunt.

470 1512 567 1580 Inlra
598 1521 749 1580 octavam
784 1513 932 1600 ejusdem
967 1510 1146 1597 magnifici,
1170 1512 1410 1596 invitatorium,
1441 1514 1569 1599 Ragau

384 1623 630 1705 Couflssoruru.
688 1619 831 1704 Ymnus,
866 1622 942 1687 Rex
984 1623 1108 1687 christe
1148 1623 1297 1687 rrrartr'ui.
1355 1617 1570 1706 Antiphonae

380 1726 422 1793 ne
445 1726 561 1793 eadem
586 1726 766 1793 testivitate
790 1726 943 1792 dicantur
972 1727 1020 1792 ita
1050 1725 1216 1808 uidelicet,
1250 1732 1287 1792 ut
1317 1724 1360 1792 aa
1390 1732 1570 1793 nocturnas

380 1855 446 1900 una
470 1854 527 1900 sex
549 1832 669 1920 psalmi
692 1831 903 1899 modulentur
925 1831 1136 1919 antiphonae.
1168 1831 1345 1899 Lectiones
1368 1838 1479 1899 autem
1501 1854 1568 1899 me·

380 1939 507 2006 ‹liocres
532 1940 684 2025 legantur
706 1940 747 2007 de
777 1938 957 2026 prophetis.
1005 1938 1230 2025 Responsoria
1258 1946 1397 2006 cantent
1425 1938 1467 2006 de
1496 1939 1569 2026 ipso
1636 2011 1640 2036 Ι

352 2046 494 2116 ‚beatoz
518 2069 625 2131 genna
647 2068 714 2114 nen
738 2045 874 2113 flectant
896 2068 996 2132 super
1019 2044 1186 2112 formulas.
1233 2044 1360 2113 Psalmi
1389 2045 1568 2115 familiares

379 2175 440 2221 nec
474 2161 653 2239 canantur3
688 2153 746 2220 secl
781 2175 855 2221 mox
891 2162 928 2220 ut
958 2152 1152 2220 nocturnale
1181 2152 1372 2240 obsequium
1402 2152 1567 2240 expletum

378 2260 562 2343 habuerint,
586 2261 728 2328 osticium
752 2269 956 2329 mortuorum
980 2267 1032 2327 est
1053 2258 1228 2345 agendum,
1253 2258 1373 2328 deinde
1386 2259 1567 2328 matutinas

377 2368 540 2455 ipsorum3
557 2375 591 2434 et
607 2375 685 2435 tunc
700 2377 819 2435 sonent
834 2368 973 2453 signum,
990 2375 1024 2433 et
1042 2366 1198 2434 inchoent
1212 2367 1408 2435 matutinam
1423 2365 1566 2449 laudem,

378 2482 413 2541 et
433 2497 494 2561 per
516 2497 779 2561 unamquamque
802 2475 889 2542 diem
912 2474 1027 2541 dicant
1053 2495 1153 2541 unam
1182 2473 1396 2561 antiphonam
1425 2495 1486 2562 per
1514 2496 1566 2542 or·

377 2582 497 2664 dinem,
521 2581 607 2649 sicut
628 2583 751 2650 inserte
774 2589 853 2649 snut
874 2583 908 2648 in
931 2580 1116 2663 autentico,
1140 2587 1175 2648 et
1197 2581 1342 2667 quinque
1364 2580 1508 2668 psalmes
1524 2580 1566 2650 de

376 2689 555 2757 festivitate
578 2697 723 2773 cantent,
746 2696 824 2777 post
845 2687 1003 2775 suffragia
1027 2695 1223 2758 sanctorum.
1263 2686 1409 2777 Expleta
1432 2691 1567 2758 veniant

376 2798 410 2863 in
433 2797 573 2865 alterum
597 2797 748 2881 chorum,
778 2803 814 2863 et
835 2797 948 2864 dicant
970 2795 1152 2863 matutinas
1178 2803 1382 2877 sanctornm,
1415 2803 1450 2864 et
1473 2800 1567 2865 Deus

374 2908 516 2972 eruribus
539 2909 671 2984 nostris,
695 2910 796 2988 atque
819 2904 965 2990 quinque
981 2903 1126 2990 psalmos
1139 2924 1201 2989 pro
1217 2902 1401 2986 defunctis3
1423 2903 1566 2991 psalmo·

375 3009 495 3097 dieque
519 3011 592 3096 ipsa
615 3010 909 3078 consuetudinaria
930 3010 1086 3097 perfinita
1109 3008 1235 3077 licitum
1258 3016 1311 3077 est
1340 3008 1499 3077 iratribus
1522 3010 1566 3078 ad

374 3117 513 3185 lectulos
536 3117 695 3201 revenire,
718 3118 747 3184 si
770 3116 840 3185 dies
864 3116 974 3184 adhuc
996 3123 1140 3186 nonest
1178 3114 1359 3184 Secretarii
1375 3116 1567 3203 recolligent

373 3231 570 3292 ornamenta
592 3223 758 3306 ecclesiae,
780 3231 956 3310 postquam
979 3223 1125 3291 seniores
1146 3222 1269 3291 reversi
1291 3229 1370 3290 snut
1390 3222 1425 3290 in
1444 3222 1565 3291 dormi·

373 3332 502 3397 terium.
553 3330 612 3399 Ad
645 3331 786 3416 primam
819 3337 946 3417 septem
976 3329 1121 3416 psalmos
1149 3335 1183 3397 et
1213 3327 1411 3415 laetaniam,
1445 3328 1565 3400 duride

373 3439 505 3505 missam
527 3460 589 3524 pro
612 3437 788 3507 defunctis.
835 3438 919 3505 Post
942 3437 1124 3522 capitulum
1148 3457 1253 3524 nsque
1282 3436 1328 3505 ad
1355 3437 1490 3505 umam
1518 3435 1565 3506 lo·

372 3552 517 3633 quantur
549 3545 583 3611 in
618 3545 774 3617 claustra.
831 3544 923 3612 Ante
958 3535 1094 3612 missam
1127 3543 1308 3612 laetaniam
1341 3542 1465 3612 dicant
1520 3542 1564 3613 In

372 3650 462 3719 horis
486 3652 697 3738 antiphonas,
727 3673 813 3739 quas
837 3651 960 3719 luerint
983 3650 1025 3719 de
1047 3651 1147 3718 lande
1169 3657 1334 3738 promant
1381 3649 1564 3737 vesperam

373 3757 434 3825 sub
457 3780 525 3824 una
547 3759 746 3846 antiphona,
774 3781 860 3846 quae
883 3780 982 3845 super
1010 3765 1191 3826 nocturnae
1212 3755 1355 3825 habetur
1376 3759 1564 3845 terminent,

373 3873 407 3933 et
429 3872 587 3952 quattuor
608 3866 764 3952 psalmos,
789 3888 875 3953 quae
897 3866 1014 3933 ‹liatirn
1038 3855 1184 3949 veniunt,
1208 3886 1248 3932 ex
1270 3863 1355 3933 feria
1377 3863 1500 3936 dicant.

463 3971 501 4040 Si
530 3972 698 4040 dominica
731 3971 802 4039 dies
836 3972 923 4040 inira
957 3971 1095 4040 octabas
1129 3972 1284 4053 evenerit,
1319 3970 1562 4056 Invitatorinm,

373 4077 583 4165 antiphonae,
615 4079 667 4147 rel
689 4079 901 4166 responsoria
923 4078 992 4145 sive
1016 4078 1172 4147 lectiones
1202 4077 1244 4146 de
1273 4084 1389 4146 uncto
1420 4077 1564 4148 maruno

373 4185 526 4253 dicautur
549 4186 609 4253 tali
632 4187 762 4254 ratione
785 4193 823 4253 ut
844 4208 912 4253 una
935 4207 992 4253 sex
1021 4184 1139 4273 psalmi
1168 4185 1394 4254 terminentur.
1419 4233 1480 4256 ...
1504 4207 1563 4255 an·

372 4291 513 4380 tiphona
534 4292 684 4360 similiter
706 4300 741 4360 et
762 4292 903 4363 cantica.
919 4340 928 4358 .
947 4339 984 4360 ..

462 4395 502 4467 Si
524 4398 685 4466 festivitas

372 4503 407 4573 in
436 4504 563 4574 octabis
593 4506 741 4573 evenerit
769 4504 873 4591 inira,
903 4504 993 4574 unde
1023 4513 1090 4574 tres
1118 4504 1267 4592 agendae
1296 4511 1375 4572 sunt
1395 4503 1562 4590 lectiones,

374 4658 588 4670 m-u-o-

464 4735 485 4805 u
503 4735 548 4793 su
565 4734 670 4809 renue
687 4735 717 4793 u
733 4740 823 4794 uxta
