3792 5375
890 640 949 652 -»
984 606 1047 668 188
1095 641 1136 652 -

425 796 646 866 sabbatorum
671 819 746 864 sero
771 796 896 864 dierum
920 804 997 882 post
1020 818 1159 884 vespera
1182 795 1327 862 babeant
1350 792 1466 861 lanruli
1490 815 1609 880 aquam

425 903 577 983 calidam,
603 912 637 969 ut
660 905 739 989 ipsis
763 904 900 970 infirmis
923 903 1026 989 pedes
1049 903 1171 973 larunt.
1217 900 1388 988 Quotquot
1412 923 1430 968 e
1454 899 1612 968 iratribus

425 1009 529 1076 exusti
559 1010 696 1093 fuerint,
728 1011 772 1078 ibi
803 1009 928 1077 iaciant
958 1032 1052 1076 suram
1083 1009 1330 1090 necessitatem
1365 1007 1479 1074 famuli
1509 1008 1611 1094 ipsius

422 1116 486 1183 loci
511 1117 586 1184 lolia
610 1126 818 1203 praeparent,
842 1124 952 1183 tauron
976 1118 1010 1183 in
1026 1139 1092 1184 uno
1108 1115 1228 1203 angulo
1245 1137 1318 1181 cum
1334 1135 1455 1201 magna
1469 1114 1610 1198 cautela,

424 1232 456 1290 et
480 1224 611 1308 qumrdo
627 1221 837 1291 calefactorio
854 1223 972 1290 iactari
989 1231 1077 1307 sunt,
1101 1222 1214 1291 famuli
1230 1221 1395 1289 cellararii
1411 1228 1611 1309 praeparata

423 1329 502 1397 iulis
524 1328 678 1397 habeant.

512 1437 747 1523 Undecumque
770 1438 944 1505 revortitur
960 1438 1100 1505 domnus
1117 1437 1221 1503 abbas
1237 1435 1334 1503 debet
1352 1435 1471 1502 ibidem
1489 1436 1609 1517 venire,

423 1550 455 1610 et
485 1544 648 1630 inquirere
678 1566 959 1631 unumquemque,
990 1532 1070 1630 Ιιμιοί
1095 1544 1215 1611 babeat
1241 1543 1308 1609 sire
1333 1564 1458 1609 morum
1481 1543 1610 1610 animae

422 1650 488 1717 sire
519 1651 664 1737 corporis
687 1651 890 1732 valetudine,
922 1652 971 1718 rel
996 1654 1023 1718 si
1048 1652 1173 1738 aliquid
1198 1650 1406 1717 necessitatis
1429 1658 1487 1715 aut
1510 1651 1610 1736 negli-

420 1757 529 1841 gentie
551 1779 572 1824 a
594 1758 805 1827 servitoribus
829 1758 879 1825 rel
899 1759 1119 1826 acellarariis
1131 1758 1312 1845 patiantur.
1345 1757 1390 1824 Et
1407 1764 1443 1824 ut
1457 1757 1610 1843 inspiciat

421 1864 448 1930 si
480 1864 598 1949 aliquis
628 1886 667 1930 ex
695 1866 735 1930 iis
766 1865 847 1932 bene
880 1865 1084 1932 convaluerit
1106 1866 1159 1932 cui
1182 1864 1346 1931 licentiam
1371 1862 1429 1931 det
1450 1863 1610 1932 redeundi

421 1970 452 2035 in
484 1969 678 2054 claustrum,
714 1973 792 2057 quia
825 1974 895 2039 sine
923 1974 1072 2059 jussione
1103 1972 1212 2039 nullus
1242 1992 1301 2037 nec
1331 1970 1514 2056 egreditur,
1548 1993 1610 2041 nec

420 2076 610 2161 ingreditur.
655 2076 813 2146 Similiter
836 2079 934 2145 iaciat
961 2081 1060 2164 prior,
1094 2078 1145 2145 rel
1169 2078 1233 2159 ille,
1257 2078 1313 2164 qni
1336 2076 1485 2144 ordinem
1508 2086 1609 2150 tenet.

419 2183 484 2250 Ille
500 2184 585 2250 enim
601 2184 714 2262 irater,
737 2186 793 2270 qud
809 2185 953 2252 clanstro
969 2186 1146 2253 rerertitnr
1160 2191 1240 2271 agat
1256 2185 1318 2250 ita:
1336 2206 1412 2250 rnox
1428 2190 1465 2252 ut
1480 2184 1607 2272 signum

420 2291 523 2374 prime
552 2289 604 2358 rel
634 2291 776 2358 secunde
805 2313 862 2359 ore
885 2292 1083 2380 pulsaverit,
1117 2289 1300 2360 infantibus
1322 2291 1356 2357 iu
1380 2291 1494 2377 primis
1517 2300 1607 2359 tran·

420 2396 588 2464 senatibus
618 2405 695 2465 tunc
725 2400 835 2465 veniat
861 2398 916 2467 ille
947 2408 1022 2486 post
1052 2421 1109 2467 eos
1133 2401 1165 2466 in
1189 2397 1291 2466 choro
1314 2398 1349 2464 in
1371 2396 1444 2467 loco
1467 2421 1543 2481 suo,
1575 2408 1609 2468 et

419 2502 523 2570 iaciat
550 2505 660 2572 omnia
689 2512 724 2571 ut
754 2506 819 2571 alii.
866 2506 906 2573 In
938 2507 1100 2592 ospitale,
1131 2528 1206 2574 mox
1230 2512 1267 2572 ut
1288 2505 1409 2572 dixerit
1432 2526 1473 2572 ex
1495 2514 1608 2577 nostro

418 2610 534 2678 ordine
564 2614 843 2696 Remiaiscimim',
883 2621 999 2701 surgat
1033 2613 1105 2697 ille,
1145 2613 1248 2681 iaciat
1282 2611 1540 2680 satisfactionem
1574 2624 1608 2682 et

418 2725 552 2786 accuset
580 2741 616 2786 se
646 2719 687 2787 de
717 2722 784 2787 suis
812 2720 1033 2808 negligentiis.
1078 2721 1174 2789 Tunc
1197 2719 1349 2788 absolvat
1372 2742 1445 2787 enm
1469 2720 1608 2791 domnus

417 2824 523 2892 abbas
545 2833 579 2893 et
598 2825 712 2913 jubeat
736 2827 766 2894 ei
790 2826 969 2896 decantare
992 2836 1119 2914 septem
1143 2826 1299 2915 psalmos,
1330 2826 1380 2893 rel
1405 2828 1608 2899 solummodo

420 2935 582 3002 ,lliserere
605 2939 671 3002 arei
691 2937 795 3015 Dens,
819 2934 893 3002 loco
915 2936 1151 3021 poenitentiae,
1174 2933 1327 3021 procidat
1349 2935 1470 3021 qnippe
1492 2936 1548 3004 ille
1564 2937 1606 3003 ad

418 3039 488 3124 ejus
510 3041 661 3126 uestigia,
691 3040 769 3108 dein
791 3042 902 3109 veniat
925 3042 958 3108 in
982 3042 1065 3122 loco,
1090 3043 1146 3110 ubi
1170 3042 1260 3127 prius
1284 3042 1385 3123 stetit,
1416 3051 1451 3110 et
1474 3043 1608 3114 inclinet

418 3167 454 3211 se
477 3146 592 3214 iterum
617 3146 741 3217 abbati.
771 3148 824 3214 Ex
840 3155 918 3216 tunc
933 3148 1070 3216 inclinet
1085 3148 1162 3216 lrinc
1178 3155 1212 3216 et
1227 3147 1303 3215 inde
1319 3155 1436 3215 contra
1451 3151 1606 3236 seniores,

417 3253 576 3338 imprimis
605 3253 704 3321 clroro
735 3254 882 3338 abbatis,
915 3254 1097 3343 eademque
1127 3265 1161 3323 et
1190 3256 1255 3340 ipsi
1277 3255 1413 3323 faciant.
1458 3255 1607 3328 aneute

418 3359 539 3428 abbate
561 3369 617 3428 eat
639 3360 754 3429 sedere
776 3362 811 3429 in
834 3362 908 3431 loco
932 3385 1003 3433 suo.
1038 3361 1123 3431 Cum
1146 3362 1240 3451 pueri
1262 3362 1298 3429 in
1321 3363 1393 3450 ipsa
1418 3362 1516 3432 doure
1531 3387 1608 3434 con·

417 3466 507 3533 ducti
536 3466 665 3549 fuerint,
696 3476 774 3535 tunc
803 3470 963 3555 suscipiat
992 3492 1076 3537 unus
1103 3493 1144 3538 ex
1167 3470 1246 3556 ipsis
1268 3470 1459 3555 senioribus,
1482 3473 1537 3559 qui
1560 3473 1607 3541 ibi

417 3582 503 3657 sunt,
526 3573 655 3641 illorum
677 3575 872 3660 custodiam,
895 3577 951 3664 qui
975 3599 1037 3644 sua
1061 3578 1231 3664 providere
1256 3578 1341 3643 sciat
1363 3584 1397 3645 et
1416 3577 1525 3646 aliena
1540 3601 1606 3648 non

418 3679 599 3765 neglegere.
651 3680 755 3749 Horis
790 3703 933 3769 namque
967 3684 1229 3769 competentibus
1264 3683 1383 3769 quibus
1420 3684 1494 3753 aliis
1532 3708 1606 3754 curn

416 3784 569 3853 lanterna
579 3787 605 3872 ¹)
628 3787 804 3872 procedere
820 3812 891 3858 mos
906 3798 967 3872 est,
992 3791 1144 3859 similiter
1159 3800 1193 3859 et
1209 3792 1278 3878 ipse
1293 3789 1461 3881 iaciant.][
1496 3793 1607 3881 Prope

416 3891 592 3959 lurninaria
614 3894 768 3980 jaceant,
799 3917 864 3962 non
896 3898 990 3983 juxte
1021 3919 1067 3965 se.
1114 3896 1246 3964 Exinde
1274 3907 1431 3966 exeuntes
1461 3922 1522 3986 pro
1543 3900 1607 3969 lroc

417 3999 675 4068 satisfactionem
713 4022 779 4068 non
817 4002 944 4070 iaciunt
978 4004 1022 4071 ad
1057 4004 1214 4093 mojorem
1254 4003 1447 4101 cepituluru
1468 4027 1529 4075 nec
1562 4007 1607 4076 ed

417 4127 522 4173 suum.
567 4105 715 4193 Majores
744 4108 879 4193 iratres,
912 4112 968 4196 qni
998 4133 1132 4179 carnem
1162 4111 1207 4180 ibi
1237 4133 1302 4180 non
1331 4111 1418 4194 edit,
1452 4111 1606 4182 buculam

416 4219 546 4296 gestare
575 4213 726 4281 manibus
756 4216 886 4285 minime
917 4217 1050 4286 debent.
1098 4217 1293 4287 Satisfactin
1316 4219 1349 4286 in
1372 4219 1519 4306 capitulo
1542 4221 1606 4289 illis

417 4339 478 4387 nec
500 4318 699 4389 conceditur.

506 4424 707 4494 Procurator
730 4426 834 4497 irater
856 4451 929 4497 cnm
953 4430 1027 4498 aliis
1050 4431 1084 4500 in
1101 4431 1294 4500 dormitorio
1312 4433 1480 4519 quiescere
1496 4433 1604 4504 debet.

417 4530 574 4614 Famulis,
598 4534 709 4617 quiin
733 4534 795 4603 lroc
818 4536 976 4623 obsequio
1000 4538 1151 4626 deputati
1175 4547 1251 4605 sunt
1276 4536 1464 4620 illaberis,
1488 4539 1606 4627 ‹pribus

417 4684 541 4695 μου.»

507 4761 529 4828 ¹)
548 4763 581 4821 ln
600 4771 678 4821 textu
696 4766 814 4836 tegitur:
841 4767 994 4833 ,interm
