<?xml version="1.0" encoding="UTF-8"?>
<!DOCTYPE html PUBLIC "-//W3C//DTD XHTML 1.0 Transitional//EN"
    "http://www.w3.org/TR/xhtml1/DTD/xhtml1-transitional.dtd">
<html xmlns="http://www.w3.org/1999/xhtml" xml:lang="en" lang="en">
 <head>
  <title>
</title>
<meta http-equiv="Content-Type" content="text/html;charset=utf-8" />
  <meta name='ocr-system' content='tesseract 3.04.00' />
  <meta name='ocr-capabilities' content='ocr_page ocr_carea ocr_par ocr_line ocrx_word'/>
</head>
<body>
  <div class='ocr_page' id='page_1' title='image "./consuetudinesmo00albegoog_0176.png"; bbox 0 0 3792 5375; ppageno 0'>
   <div class='ocr_carea' id='block_1_1' title="bbox 775 476 997 539">
    <p class='ocr_par' dir='ltr' id='par_1_1' title="bbox 775 476 997 539">
     <span class='ocr_line' id='line_1_1' title="bbox 775 476 997 539; baseline -0.009 -15"><span class='ocrx_word' id='word_1_1' title='bbox 775 476 997 539; x_wconf 72' lang='grc'>..65-</span> 
     </span>
    </p>
   </div>
   <div class='ocr_carea' id='block_1_2' title="bbox 293 667 1520 3647">
    <p class='ocr_par' dir='ltr' id='par_1_2' title="bbox 293 667 1520 3647">
     <span class='ocr_line' id='line_1_2' title="bbox 293 667 1480 754; baseline 0.001 -18"><span class='ocrx_word' id='word_1_2' title='bbox 293 693 333 736; x_wconf 79' lang='lat' dir='ltr'><strong>ex</strong></span> <span class='ocrx_word' id='word_1_3' title='bbox 357 695 400 739; x_wconf 84' lang='lat' dir='ltr'><strong>ss.</strong></span> <span class='ocrx_word' id='word_1_4' title='bbox 425 668 544 735; x_wconf 80' lang='lat' dir='ltr'><strong>orentii</strong></span> <span class='ocrx_word' id='word_1_5' title='bbox 568 675 600 734; x_wconf 88' lang='lat' dir='ltr'><strong>et</strong></span> <span class='ocrx_word' id='word_1_6' title='bbox 626 667 769 734; x_wconf 80' lang='lat' dir='ltr'><strong>theodoli</strong></span> <span class='ocrx_word' id='word_1_7' title='bbox 794 669 944 735; x_wconf 89' lang='lat' dir='ltr'><strong>natalitio</strong></span> <span class='ocrx_word' id='word_1_8' title='bbox 962 667 1098 752; x_wconf 85' lang='lat' dir='ltr'><strong>saciant,</strong></span> <span class='ocrx_word' id='word_1_9' title='bbox 1122 669 1280 754; x_wconf 88' lang='lat' dir='ltr'><strong>majorem</strong></span> <span class='ocrx_word' id='word_1_10' title='bbox 1295 691 1373 736; x_wconf 80' lang='lat' dir='ltr'><strong>raro</strong></span> <span class='ocrx_word' id='word_1_11' title='bbox 1388 677 1480 738; x_wconf 82' lang='lat' dir='ltr'><strong>anta·</strong></span> 
     </span>
     <span class='ocr_line' id='line_1_3' title="bbox 293 774 1481 863; baseline 0.005 -25"><span class='ocrx_word' id='word_1_12' title='bbox 293 802 391 863; x_wconf 64' lang='lat' dir='ltr'><strong>«lnam</strong></span> <span class='ocrx_word' id='word_1_13' title='bbox 424 776 602 860; x_wconf 81' lang='lat' dir='ltr'><strong>incipiant,</strong></span> <span class='ocrx_word' id='word_1_14' title='bbox 634 774 824 841; x_wconf 74' lang='lat' dir='ltr'>sacerdotes</span> <span class='ocrx_word' id='word_1_15' title='bbox 853 786 954 861; x_wconf 77' lang='lat' dir='ltr'><strong>atque</strong></span> <span class='ocrx_word' id='word_1_16' title='bbox 982 774 1102 841; x_wconf 78' lang='lat' dir='ltr'><strong>levitae</strong></span> <span class='ocrx_word' id='word_1_17' title='bbox 1132 797 1246 843; x_wconf 81' lang='lat' dir='ltr'><strong>orrinea</strong></span> <span class='ocrx_word' id='word_1_18' title='bbox 1275 777 1342 843; x_wconf 85' lang='lat' dir='ltr'><strong>sint</strong></span> <span class='ocrx_word' id='word_1_19' title='bbox 1370 776 1481 844; x_wconf 78' lang='lat' dir='ltr'><strong>amicti</strong></span> 
     </span>
     <span class='ocr_line' id='line_1_4' title="bbox 294 881 1481 971; baseline -0.001 -21"><span class='ocrx_word' id='word_1_20' title='bbox 294 886 418 971; x_wconf 77' lang='lat' dir='ltr'><strong>cappis.</strong></span> <span class='ocrx_word' id='word_1_21' title='bbox 475 884 609 966; x_wconf 66' lang='lat' dir='ltr'><strong>Septem</strong></span> <span class='ocrx_word' id='word_1_22' title='bbox 645 881 845 948; x_wconf 84' lang='lat' dir='ltr'><strong>candelabra</strong></span> <span class='ocrx_word' id='word_1_23' title='bbox 874 882 1027 948; x_wconf 78' lang='lat' dir='ltr'><strong>ordinent</strong></span> <span class='ocrx_word' id='word_1_24' title='bbox 1058 891 1135 949; x_wconf 83' lang='lat' dir='ltr'><strong>arne</strong></span> <span class='ocrx_word' id='word_1_25' title='bbox 1165 882 1273 949; x_wconf 84' lang='lat' dir='ltr'><strong>altare</strong></span> <span class='ocrx_word' id='word_1_26' title='bbox 1302 906 1375 950; x_wconf 86' lang='lat' dir='ltr'><strong>rum</strong></span> <span class='ocrx_word' id='word_1_27' title='bbox 1405 884 1481 966; x_wconf 88' lang='lat' dir='ltr'><strong>illis,</strong></span> 
     </span>
     <span class='ocr_line' id='line_1_5' title="bbox 294 987 1481 1078; baseline 0.003 -24"><span class='ocrx_word' id='word_1_28' title='bbox 294 1014 377 1078; x_wconf 75' lang='lat' dir='ltr'><strong>qnae</strong></span> <span class='ocrx_word' id='word_1_29' title='bbox 401 990 549 1056; x_wconf 76' lang='lat' dir='ltr'><strong>conversi</strong></span> <span class='ocrx_word' id='word_1_30' title='bbox 580 987 742 1058; x_wconf 83' lang='lat' dir='ltr'><strong>delemut.</strong></span> <span class='ocrx_word' id='word_1_31' title='bbox 789 987 943 1054; x_wconf 77' lang='lat' dir='ltr'><strong>Osticimn</strong></span> <span class='ocrx_word' id='word_1_32' title='bbox 976 996 1113 1055; x_wconf 86' lang='lat' dir='ltr'><strong>teneant</strong></span> <span class='ocrx_word' id='word_1_33' title='bbox 1142 997 1309 1074; x_wconf 79' lang='lat' dir='ltr'><strong>qrtattnor.</strong></span> <span class='ocrx_word' id='word_1_34' title='bbox 1355 989 1481 1076; x_wconf 86' lang='lat' dir='ltr'><strong>Ipsum,</strong></span> 
     </span>
     <span class='ocr_line' id='line_1_6' title="bbox 294 1096 1482 1184; baseline -0.001 -19"><span class='ocrx_word' id='word_1_35' title='bbox 294 1102 364 1165; x_wconf 68' lang='lat' dir='ltr'><strong>Nos</strong></span> <span class='ocrx_word' id='word_1_36' title='bbox 387 1113 498 1164; x_wconf 74' lang='lat' dir='ltr'><strong>arram</strong></span> <span class='ocrx_word' id='word_1_37' title='bbox 516 1099 680 1178; x_wconf 69' lang='lat' dir='ltr'><strong>gloriari.</strong></span> <span class='ocrx_word' id='word_1_38' title='bbox 714 1096 875 1181; x_wconf 67' lang='lat' dir='ltr'><strong>Epistola,</strong></span> <span class='ocrx_word' id='word_1_39' title='bbox 899 1097 1034 1184; x_wconf 78' lang='lat' dir='ltr'><strong>Confido</strong></span> <span class='ocrx_word' id='word_1_40' title='bbox 1055 1100 1096 1163; x_wconf 79' lang='lat' dir='ltr'><strong>dc</strong></span> <span class='ocrx_word' id='word_1_41' title='bbox 1119 1101 1210 1164; x_wconf 75' lang='lat' dir='ltr'><strong>robis</strong></span> <span class='ocrx_word' id='word_1_42' title='bbox 1232 1102 1267 1164; x_wconf 82' lang='lat' dir='ltr'><strong>in</strong></span> <span class='ocrx_word' id='word_1_43' title='bbox 1291 1097 1482 1166; x_wconf 63' lang='lat' dir='ltr'><strong>Dominae)</strong></span> 
     </span>
     <span class='ocr_line' id='line_1_7' title="bbox 296 1203 1482 1293; baseline 0.002 -22"><span class='ocrx_word' id='word_1_44' title='bbox 296 1208 461 1293; x_wconf 63' lang='lat' dir='ltr'><strong>Alleluia,</strong></span> <span class='ocrx_word' id='word_1_45' title='bbox 492 1207 587 1269; x_wconf 78' lang='lat' dir='ltr'><strong>dulce</strong></span> <span class='ocrx_word' id='word_1_46' title='bbox 610 1206 751 1288; x_wconf 57' lang='lat' dir='ltr'><strong>legator.</strong></span> <span class='ocrx_word' id='word_1_47' title='bbox 799 1203 900 1285; x_wconf 88' lang='lat' dir='ltr'><strong>Item,</strong></span> <span class='ocrx_word' id='word_1_48' title='bbox 926 1207 1093 1293; x_wconf 55' lang='lat' dir='ltr'><strong>,illdata</strong></span> <span class='ocrx_word' id='word_1_49' title='bbox 1125 1207 1270 1271; x_wconf 71' lang='lat' dir='ltr'><strong>cataras</strong></span> <span class='ocrx_word' id='word_1_50' title='bbox 1290 1228 1482 1290; x_wconf 73' lang='lat' dir='ltr'><strong>resurgens.</strong></span> 
     </span>
     <span class='ocr_line' id='line_1_8' title="bbox 296 1310 1483 1396; baseline 0.002 -19"><span class='ocrx_word' id='word_1_51' title='bbox 296 1311 521 1395; x_wconf 74' lang='lat' dir='ltr'><strong>Evangelimn,</strong></span> <span class='ocrx_word' id='word_1_52' title='bbox 546 1314 634 1376; x_wconf 83' lang='lat' dir='ltr'><strong>Erat</strong></span> <span class='ocrx_word' id='word_1_53' title='bbox 655 1312 808 1390; x_wconf 56' lang='lat' dir='ltr'><strong>homone&gt;</strong></span> <span class='ocrx_word' id='word_1_54' title='bbox 829 1333 889 1396; x_wconf 88' lang='lat' dir='ltr'><strong>per</strong></span> <span class='ocrx_word' id='word_1_55' title='bbox 913 1310 1011 1376; x_wconf 88' lang='lat' dir='ltr'><strong>horas</strong></span> <span class='ocrx_word' id='word_1_56' title='bbox 1035 1312 1189 1378; x_wconf 86' lang='lat' dir='ltr'><strong>dicantur</strong></span> <span class='ocrx_word' id='word_1_57' title='bbox 1211 1310 1412 1395; x_wconf 85' lang='lat' dir='ltr'><strong>antiphonae</strong></span> <span class='ocrx_word' id='word_1_58' title='bbox 1441 1311 1483 1380; x_wconf 91' lang='lat' dir='ltr'><strong>de</strong></span> 
     </span>
     <span class='ocr_line' id='line_1_9' title="bbox 295 1417 1482 1508; baseline 0.003 -25"><span class='ocrx_word' id='word_1_59' title='bbox 295 1418 457 1486; x_wconf 83' lang='lat' dir='ltr'><strong>laudibus.</strong></span> <span class='ocrx_word' id='word_1_60' title='bbox 490 1417 546 1482; x_wconf 78' lang='lat' dir='ltr'><strong>Ad</strong></span> <span class='ocrx_word' id='word_1_61' title='bbox 564 1438 733 1502; x_wconf 72' lang='lat' dir='ltr'><strong>vesperam</strong></span> <span class='ocrx_word' id='word_1_62' title='bbox 750 1419 943 1504; x_wconf 76' lang='lat' dir='ltr'><strong>antiphona,</strong></span> <span class='ocrx_word' id='word_1_63' title='bbox 970 1422 1131 1508; x_wconf 71' lang='lat' dir='ltr'><strong>Allelrp&#39;a.</strong></span> <span class='ocrx_word' id='word_1_64' title='bbox 1158 1421 1356 1507; x_wconf 78' lang='lat' dir='ltr'><strong>Cracr&#39;fixas.</strong></span> <span class='ocrx_word' id='word_1_65' title='bbox 1388 1419 1482 1487; x_wconf 75' lang='lat' dir='ltr'><strong>Psal-</strong></span> 
     </span>
     <span class='ocr_line' id='line_1_10' title="bbox 296 1527 1482 1616; baseline 0.004 -25"><span class='ocrx_word' id='word_1_66' title='bbox 296 1548 376 1609; x_wconf 87' lang='lat' dir='ltr'><strong>mos,</strong></span> <span class='ocrx_word' id='word_1_67' title='bbox 404 1527 686 1593; x_wconf 61' lang='lat' dir='ltr'><strong>salamantinus.</strong></span> <span class='ocrx_word' id='word_1_68' title='bbox 731 1528 922 1612; x_wconf 73' lang='lat' dir='ltr'><strong>(inrjitebor.</strong></span> <span class='ocrx_word' id='word_1_69' title='bbox 954 1528 1081 1594; x_wconf 78' lang='lat' dir='ltr'><strong>Beatus</strong></span> <span class='ocrx_word' id='word_1_70' title='bbox 1103 1530 1170 1592; x_wconf 74' lang='lat' dir='ltr'><strong>air.</strong></span> <span class='ocrx_word' id='word_1_71' title='bbox 1206 1529 1358 1595; x_wconf 75' lang='lat' dir='ltr'><strong>Laraedare</strong></span> <span class='ocrx_word' id='word_1_72' title='bbox 1369 1531 1482 1616; x_wconf 76' lang='lat' dir='ltr'><strong>pueri.</strong></span> 
     </span>
     <span class='ocr_line' id='line_1_11' title="bbox 298 1631 1520 1721; baseline 0.004 -23"><span class='ocrx_word' id='word_1_73' title='bbox 298 1632 441 1712; x_wconf 84' lang='lat' dir='ltr'><strong>Ymnns,</strong></span> <span class='ocrx_word' id='word_1_74' title='bbox 474 1634 614 1699; x_wconf 70' lang='lat' dir='ltr'><strong>tia-illa.</strong></span> <span class='ocrx_word' id='word_1_75' title='bbox 662 1631 780 1698; x_wconf 79' lang='lat' dir='ltr'><strong>Oratio</strong></span> <span class='ocrx_word' id='word_1_76' title='bbox 810 1633 913 1719; x_wconf 83' lang='lat' dir='ltr'><strong>ipsius</strong></span> <span class='ocrx_word' id='word_1_77' title='bbox 942 1632 1016 1701; x_wconf 86' lang='lat' dir='ltr'><strong>diei.</strong></span> <span class='ocrx_word' id='word_1_78' title='bbox 1064 1631 1192 1700; x_wconf 86' lang='lat' dir='ltr'><strong>Cantor</strong></span> <span class='ocrx_word' id='word_1_79' title='bbox 1219 1654 1360 1721; x_wconf 83' lang='lat' dir='ltr'><strong>namquo</strong></span> <span class='ocrx_word' id='word_1_80' title='bbox 1394 1632 1484 1702; x_wconf 85' lang='lat' dir='ltr'><strong>dicto</strong></span> <span class='ocrx_word' id='word_1_81' title='bbox 1518 1676 1520 1681; x_wconf 91' lang='lat'>·</span> 
     </span>
     <span class='ocr_line' id='line_1_12' title="bbox 296 1739 1482 1827; baseline 0.001 -20"><span class='ocrx_word' id='word_1_82' title='bbox 296 1744 537 1807; x_wconf 64' lang='lat' dir='ltr'><strong>Brmdicamns</strong></span> <span class='ocrx_word' id='word_1_83' title='bbox 552 1742 683 1805; x_wconf 79' lang='lat' dir='ltr'><strong>‹lomim›</strong></span> <span class='ocrx_word' id='word_1_84' title='bbox 699 1739 912 1825; x_wconf 82' lang='lat' dir='ltr'><strong>antiphonam</strong></span> <span class='ocrx_word' id='word_1_85' title='bbox 925 1747 1055 1827; x_wconf 78' lang='lat' dir='ltr'><strong>repetat</strong></span> <span class='ocrx_word' id='word_1_86' title='bbox 1068 1747 1257 1807; x_wconf 78' lang='lat' dir='ltr'><strong>sam-torum</strong></span> <span class='ocrx_word' id='word_1_87' title='bbox 1269 1762 1342 1808; x_wconf 91' lang='lat' dir='ltr'><strong>cum</strong></span> <span class='ocrx_word' id='word_1_88' title='bbox 1354 1739 1482 1809; x_wconf 85' lang='lat' dir='ltr'><strong>Gloria.</strong></span> 
     </span>
     <span class='ocr_line' id='line_1_13' title="bbox 386 1845 1483 1935; baseline 0.003 -23"><span class='ocrx_word' id='word_1_89' title='bbox 386 1845 515 1914; x_wconf 77' lang='lat' dir='ltr'><strong>th&#39;r.</strong></span> <span class='ocrx_word' id='word_1_90' title='bbox 540 1846 769 1933; x_wconf 79' lang='lat' dir='ltr'><strong>][chtiritate</strong></span> <span class='ocrx_word' id='word_1_91' title='bbox 792 1848 897 1913; x_wconf 88' lang='lat' dir='ltr'><strong>sancti</strong></span> <span class='ocrx_word' id='word_1_92' title='bbox 914 1848 1025 1935; x_wconf 90' lang='lat' dir='ltr'><strong>majoli</strong></span> <span class='ocrx_word' id='word_1_93' title='bbox 1042 1855 1118 1933; x_wconf 92' lang='lat' dir='ltr'><strong>post</strong></span> <span class='ocrx_word' id='word_1_94' title='bbox 1134 1870 1254 1914; x_wconf 88' lang='lat' dir='ltr'><strong>nonam</strong></span> <span class='ocrx_word' id='word_1_95' title='bbox 1277 1848 1387 1933; x_wconf 74' lang='lat' dir='ltr'><strong>uigilia</strong></span> <span class='ocrx_word' id='word_1_96' title='bbox 1406 1848 1483 1932; x_wconf 84' lang='lat' dir='ltr'><strong>diei,</strong></span> 
     </span>
     <span class='ocr_line' id='line_1_14' title="bbox 296 1953 1484 2041; baseline 0.003 -23"><span class='ocrx_word' id='word_1_97' title='bbox 296 1953 472 2020; x_wconf 84' lang='lat' dir='ltr'><strong>decoretur</strong></span> <span class='ocrx_word' id='word_1_98' title='bbox 495 1953 666 2032; x_wconf 82' lang='lat' dir='ltr'><strong>aecclesia,</strong></span> <span class='ocrx_word' id='word_1_99' title='bbox 691 1954 810 2020; x_wconf 88' lang='lat' dir='ltr'><strong>choras</strong></span> <span class='ocrx_word' id='word_1_100' title='bbox 829 1961 956 2021; x_wconf 88' lang='lat' dir='ltr'><strong>tantum</strong></span> <span class='ocrx_word' id='word_1_101' title='bbox 980 1977 1054 2021; x_wconf 88' lang='lat' dir='ltr'><strong>cum</strong></span> <span class='ocrx_word' id='word_1_102' title='bbox 1078 1977 1193 2021; x_wconf 81' lang='lat' dir='ltr'><strong>aorem</strong></span> <span class='ocrx_word' id='word_1_103' title='bbox 1216 1954 1325 2041; x_wconf 83' lang='lat' dir='ltr'><strong>palliis</strong></span> <span class='ocrx_word' id='word_1_104' title='bbox 1347 1962 1381 2021; x_wconf 88' lang='lat' dir='ltr'><strong>et</strong></span> <span class='ocrx_word' id='word_1_105' title='bbox 1403 1954 1484 2022; x_wconf 84' lang='lat' dir='ltr'><strong>ban·</strong></span> 
     </span>
     <span class='ocr_line' id='line_1_15' title="bbox 295 2060 1484 2149; baseline 0.007 -27"><span class='ocrx_word' id='word_1_106' title='bbox 295 2060 420 2128; x_wconf 85' lang='lat' dir='ltr'><strong>ralibns</strong></span> <span class='ocrx_word' id='word_1_107' title='bbox 445 2061 674 2138; x_wconf 85' lang='lat' dir='ltr'><strong>circumdetur,</strong></span> <span class='ocrx_word' id='word_1_108' title='bbox 700 2062 732 2128; x_wconf 91' lang='lat' dir='ltr'><strong>in</strong></span> <span class='ocrx_word' id='word_1_109' title='bbox 750 2061 872 2128; x_wconf 82' lang='lat' dir='ltr'><strong>formas</strong></span> <span class='ocrx_word' id='word_1_110' title='bbox 888 2063 1015 2149; x_wconf 89' lang='lat' dir='ltr'><strong>tapetia</strong></span> <span class='ocrx_word' id='word_1_111' title='bbox 1030 2068 1238 2148; x_wconf 88' lang='lat' dir='ltr'><strong>coaptentur.</strong></span> <span class='ocrx_word' id='word_1_112' title='bbox 1273 2060 1358 2129; x_wconf 79' lang='lat' dir='ltr'><strong>Tres</strong></span> <span class='ocrx_word' id='word_1_113' title='bbox 1373 2069 1484 2130; x_wconf 79' lang='lat' dir='ltr'><strong>textus</strong></span> 
     </span>
     <span class='ocr_line' id='line_1_16' title="bbox 295 2167 1484 2256; baseline 0.003 -22"><span class='ocrx_word' id='word_1_114' title='bbox 295 2167 419 2234; x_wconf 83' lang='lat' dir='ltr'><strong>obtima</strong></span> <span class='ocrx_word' id='word_1_115' title='bbox 432 2170 472 2255; x_wconf 74' lang='lat' dir='ltr'><strong>(l)</strong></span> <span class='ocrx_word' id='word_1_116' title='bbox 503 2192 603 2254; x_wconf 89' lang='lat' dir='ltr'><strong>snper</strong></span> <span class='ocrx_word' id='word_1_117' title='bbox 633 2169 752 2234; x_wconf 86' lang='lat' dir='ltr'><strong>altaria</strong></span> <span class='ocrx_word' id='word_1_118' title='bbox 782 2170 891 2235; x_wconf 81' lang='lat' dir='ltr'><strong>adsint</strong></span> <span class='ocrx_word' id='word_1_119' title='bbox 923 2178 957 2235; x_wconf 87' lang='lat' dir='ltr'><strong>et</strong></span> <span class='ocrx_word' id='word_1_120' title='bbox 987 2171 1206 2236; x_wconf 88' lang='lat' dir='ltr'><strong>instrumento</strong></span> <span class='ocrx_word' id='word_1_121' title='bbox 1235 2169 1396 2256; x_wconf 84' lang='lat' dir='ltr'><strong>lignorum</strong></span> <span class='ocrx_word' id='word_1_122' title='bbox 1426 2168 1484 2236; x_wconf 76' lang='lat' dir='ltr'><strong>ad·</strong></span> 
     </span>
     <span class='ocr_line' id='line_1_17' title="bbox 297 2275 1484 2368; baseline 0.003 -29"><span class='ocrx_word' id='word_1_123' title='bbox 297 2275 396 2359; x_wconf 81' lang='lat' dir='ltr'><strong>rigant</strong></span> <span class='ocrx_word' id='word_1_124' title='bbox 422 2284 490 2343; x_wconf 87' lang='lat' dir='ltr'><strong>tres</strong></span> <span class='ocrx_word' id='word_1_125' title='bbox 514 2278 688 2343; x_wconf 86' lang='lat' dir='ltr'><strong>crncitixos</strong></span> <span class='ocrx_word' id='word_1_126' title='bbox 712 2297 841 2345; x_wconf 86' lang='lat' dir='ltr'><strong>aureos.</strong></span> <span class='ocrx_word' id='word_1_127' title='bbox 882 2276 940 2343; x_wconf 75' lang='lat' dir='ltr'><strong>ad</strong></span> <span class='ocrx_word' id='word_1_128' title='bbox 965 2298 1134 2364; x_wconf 65' lang='lat' dir='ltr'><strong>vesperam</strong></span> <span class='ocrx_word' id='word_1_129' title='bbox 1159 2276 1259 2362; x_wconf 87' lang='lat' dir='ltr'><strong>quina</strong></span> <span class='ocrx_word' id='word_1_130' title='bbox 1282 2275 1484 2368; x_wconf 70' lang='lat' dir='ltr'><strong>candelabra</strong></span> 
     </span>
     <span class='ocr_line' id='line_1_18' title="bbox 295 2381 1487 2472; baseline 0.001 -24"><span class='ocrx_word' id='word_1_131' title='bbox 295 2393 373 2449; x_wconf 86' lang='lat' dir='ltr'><strong>ante</strong></span> <span class='ocrx_word' id='word_1_132' title='bbox 396 2384 503 2469; x_wconf 88' lang='lat' dir='ltr'><strong>ipsam</strong></span> <span class='ocrx_word' id='word_1_133' title='bbox 528 2406 619 2450; x_wconf 89' lang='lat' dir='ltr'><strong>aram</strong></span> <span class='ocrx_word' id='word_1_134' title='bbox 644 2391 677 2450; x_wconf 89' lang='lat' dir='ltr'><strong>ct</strong></span> <span class='ocrx_word' id='word_1_135' title='bbox 702 2393 790 2449; x_wconf 85' lang='lat' dir='ltr'><strong>retro</strong></span> <span class='ocrx_word' id='word_1_136' title='bbox 814 2385 887 2451; x_wconf 88' lang='lat' dir='ltr'><strong>tria.</strong></span> <span class='ocrx_word' id='word_1_137' title='bbox 935 2381 1143 2470; x_wconf 81' lang='lat' dir='ltr'><strong>Capitulum,</strong></span> <span class='ocrx_word' id='word_1_138' title='bbox 1176 2387 1301 2453; x_wconf 80' lang='lat' dir='ltr'><strong>Beatus</strong></span> <span class='ocrx_word' id='word_1_139' title='bbox 1322 2387 1396 2468; x_wconf 75' lang='lat' dir='ltr'><strong>air,</strong></span> <span class='ocrx_word' id='word_1_140' title='bbox 1426 2387 1487 2472; x_wconf 80' lang='lat' dir='ltr'><strong>qai</strong></span> 
     </span>
     <span class='ocr_line' id='line_1_19' title="bbox 294 2490 1485 2580; baseline 0 -23"><span class='ocrx_word' id='word_1_141' title='bbox 294 2499 422 2580; x_wconf 60' lang='lat' dir='ltr'><strong>saffira</strong></span> <span class='ocrx_word' id='word_1_142' title='bbox 470 2490 729 2575; x_wconf 87' lang='lat' dir='ltr'><strong>Respousorinm</strong></span> <span class='ocrx_word' id='word_1_143' title='bbox 759 2490 825 2558; x_wconf 77' lang='lat' dir='ltr'><strong>diro</strong></span> <span class='ocrx_word' id='word_1_144' title='bbox 855 2492 993 2577; x_wconf 90' lang='lat' dir='ltr'><strong>inponat</strong></span> <span class='ocrx_word' id='word_1_145' title='bbox 1024 2490 1069 2557; x_wconf 92' lang='lat' dir='ltr'><strong>ad</strong></span> <span class='ocrx_word' id='word_1_146' title='bbox 1098 2490 1236 2577; x_wconf 79' lang='lat' dir='ltr'><strong>gradus,</strong></span> <span class='ocrx_word' id='word_1_147' title='bbox 1267 2493 1485 2561; x_wconf 78' lang='lat' dir='ltr'><strong>Sanctissimr</strong></span> 
     </span>
     <span class='ocr_line' id='line_1_20' title="bbox 297 2596 1485 2685; baseline 0 -20"><span class='ocrx_word' id='word_1_148' title='bbox 297 2603 474 2683; x_wconf 71' lang='lat' dir='ltr'><strong>consessor.</strong></span> <span class='ocrx_word' id='word_1_149' title='bbox 514 2596 652 2676; x_wconf 83' lang='lat' dir='ltr'><strong>Ynmus,</strong></span> <span class='ocrx_word' id='word_1_150' title='bbox 679 2600 743 2664; x_wconf 80' lang='lat' dir='ltr'><strong>lsa·</strong></span> <span class='ocrx_word' id='word_1_151' title='bbox 767 2621 825 2665; x_wconf 81' lang='lat' dir='ltr'><strong>corr</strong></span> <span class='ocrx_word' id='word_1_152' title='bbox 844 2621 944 2666; x_wconf 79' lang='lat' dir='ltr'><strong>cssor.</strong></span> <span class='ocrx_word' id='word_1_153' title='bbox 979 2596 1145 2665; x_wconf 76' lang='lat' dir='ltr'><strong>Sacerdos</strong></span> <span class='ocrx_word' id='word_1_154' title='bbox 1169 2599 1213 2664; x_wconf 87' lang='lat' dir='ltr'><strong>sit</strong></span> <span class='ocrx_word' id='word_1_155' title='bbox 1234 2598 1267 2664; x_wconf 91' lang='lat' dir='ltr'><strong>in</strong></span> <span class='ocrx_word' id='word_1_156' title='bbox 1292 2617 1400 2685; x_wconf 78' lang='lat' dir='ltr'><strong>cappa</strong></span> <span class='ocrx_word' id='word_1_157' title='bbox 1421 2597 1485 2665; x_wconf 83' lang='lat' dir='ltr'><strong>cir·</strong></span> 
     </span>
     <span class='ocr_line' id='line_1_21' title="bbox 296 2703 1484 2791; baseline 0.001 -21"><span class='ocrx_word' id='word_1_158' title='bbox 296 2703 519 2789; x_wconf 75' lang='lat' dir='ltr'><strong>crtrrrg51·ando</strong></span> <span class='ocrx_word' id='word_1_159' title='bbox 541 2704 660 2770; x_wconf 89' lang='lat' dir='ltr'><strong>altaria</strong></span> <span class='ocrx_word' id='word_1_160' title='bbox 683 2705 839 2771; x_wconf 84' lang='lat' dir='ltr'><strong>turibulo.</strong></span> <span class='ocrx_word' id='word_1_161' title='bbox 876 2704 1082 2791; x_wconf 76' lang='lat' dir='ltr'><strong>Antiphone,</strong></span> <span class='ocrx_word' id='word_1_162' title='bbox 1106 2708 1331 2775; x_wconf 82' lang='lat' dir='ltr'><strong>Sanctissr&#39;mr.</strong></span> <span class='ocrx_word' id='word_1_163' title='bbox 1354 2703 1484 2787; x_wconf 87' lang='lat' dir='ltr'><strong>Oratio,</strong></span> 
     </span>
     <span class='ocr_line' id='line_1_22' title="bbox 298 2811 1485 2899; baseline 0.002 -22"><span class='ocrx_word' id='word_1_164' title='bbox 298 2815 492 2878; x_wconf 69' lang='lat' dir='ltr'><strong>laarcrssio</strong></span> <span class='ocrx_word' id='word_1_165' title='bbox 526 2834 593 2879; x_wconf 77' lang='lat' dir='ltr'><strong>aas.</strong></span> <span class='ocrx_word' id='word_1_166' title='bbox 648 2811 705 2877; x_wconf 78' lang='lat' dir='ltr'><strong>Ad</strong></span> <span class='ocrx_word' id='word_1_167' title='bbox 741 2814 916 2879; x_wconf 82' lang='lat' dir='ltr'><strong>stationem</strong></span> <span class='ocrx_word' id='word_1_168' title='bbox 956 2819 1127 2880; x_wconf 83' lang='lat' dir='ltr'><strong>assumant</strong></span> <span class='ocrx_word' id='word_1_169' title='bbox 1165 2812 1409 2899; x_wconf 85' lang='lat' dir='ltr'><strong>responsorium</strong></span> <span class='ocrx_word' id='word_1_170' title='bbox 1443 2811 1485 2879; x_wconf 79' lang='lat' dir='ltr'><strong>de</strong></span> 
     </span>
     <span class='ocr_line' id='line_1_23' title="bbox 296 2918 1486 3006; baseline 0.003 -25"><span class='ocrx_word' id='word_1_171' title='bbox 296 2918 442 3002; x_wconf 63' lang='lat' dir='ltr'><strong>matoria</strong></span> <span class='ocrx_word' id='word_1_172' title='bbox 459 2920 563 3003; x_wconf 89' lang='lat' dir='ltr'><strong>patris</strong></span> <span class='ocrx_word' id='word_1_173' title='bbox 579 2920 682 2985; x_wconf 88' lang='lat' dir='ltr'><strong>nostri</strong></span> <span class='ocrx_word' id='word_1_174' title='bbox 700 2919 874 2985; x_wconf 85' lang='lat' dir='ltr'><strong>benedicti.</strong></span> <span class='ocrx_word' id='word_1_175' title='bbox 905 2918 1065 2985; x_wconf 81' lang='lat' dir='ltr'><strong>Similiter</strong></span> <span class='ocrx_word' id='word_1_176' title='bbox 1081 2919 1272 3002; x_wconf 87' lang='lat' dir='ltr'><strong>orationem,</strong></span> <span class='ocrx_word' id='word_1_177' title='bbox 1292 2940 1392 3006; x_wconf 81' lang='lat' dir='ltr'><strong>quam</strong></span> <span class='ocrx_word' id='word_1_178' title='bbox 1407 2919 1486 2987; x_wconf 74' lang='lat' dir='ltr'><strong>velit</strong></span> 
     </span>
     <span class='ocr_line' id='line_1_24' title="bbox 296 3024 1483 3115; baseline 0.003 -26"><span class='ocrx_word' id='word_1_179' title='bbox 296 3048 335 3090; x_wconf 82' lang='lat' dir='ltr'><strong>ex</strong></span> <span class='ocrx_word' id='word_1_180' title='bbox 360 3027 443 3111; x_wconf 89' lang='lat' dir='ltr'><strong>ipso.</strong></span> <span class='ocrx_word' id='word_1_181' title='bbox 479 3024 679 3092; x_wconf 84' lang='lat' dir='ltr'><strong>Vitntorium</strong></span> <span class='ocrx_word' id='word_1_182' title='bbox 710 3027 776 3093; x_wconf 92' lang='lat' dir='ltr'><strong>dno</strong></span> <span class='ocrx_word' id='word_1_183' title='bbox 807 3026 1009 3112; x_wconf 89' lang='lat' dir='ltr'><strong>adimpleant</strong></span> <span class='ocrx_word' id='word_1_184' title='bbox 1032 3027 1143 3092; x_wconf 88' lang='lat' dir='ltr'><strong>amicti</strong></span> <span class='ocrx_word' id='word_1_185' title='bbox 1167 3027 1298 3112; x_wconf 79' lang='lat' dir='ltr'><strong>cappis,</strong></span> <span class='ocrx_word' id='word_1_186' title='bbox 1322 3028 1483 3115; x_wconf 82' lang='lat' dir='ltr'><strong>Alleluja,</strong></span> 
     </span>
     <span class='ocr_line' id='line_1_25' title="bbox 295 3133 1483 3221; baseline 0.003 -24"><span class='ocrx_word' id='word_1_187' title='bbox 295 3134 453 3221; x_wconf 67' lang='lat' dir='ltr'><strong>nitelam,-</strong></span> <span class='ocrx_word' id='word_1_188' title='bbox 477 3133 633 3218; x_wconf 89' lang='lat' dir='ltr'><strong>psalmus,</strong></span> <span class='ocrx_word' id='word_1_189' title='bbox 676 3133 828 3218; x_wconf 59' lang='lat' dir='ltr'><strong>tanim)</strong></span> <span class='ocrx_word' id='word_1_190' title='bbox 859 3133 998 3216; x_wconf 87' lang='lat' dir='ltr'><strong>Ymnus,</strong></span> <span class='ocrx_word' id='word_1_191' title='bbox 1023 3136 1099 3201; x_wconf 79' lang='lat' dir='ltr'><strong>Rex</strong></span> <span class='ocrx_word' id='word_1_192' title='bbox 1114 3137 1265 3219; x_wconf 82' lang='lat' dir='ltr'><strong>gloriose</strong></span> <span class='ocrx_word' id='word_1_193' title='bbox 1287 3147 1483 3221; x_wconf 66' lang='lat' dir='ltr'><strong>atartmm.</strong></span> 
     </span>
     <span class='ocr_line' id='line_1_26' title="bbox 298 3239 1485 3327; baseline 0.002 -22"><span class='ocrx_word' id='word_1_194' title='bbox 298 3239 404 3305; x_wconf 79' lang='lat' dir='ltr'><strong>Unam</strong></span> <span class='ocrx_word' id='word_1_195' title='bbox 429 3240 658 3307; x_wconf 88' lang='lat' dir='ltr'><strong>tantummodo</strong></span> <span class='ocrx_word' id='word_1_196' title='bbox 681 3239 864 3326; x_wconf 89' lang='lat' dir='ltr'><strong>antiphona</strong></span> <span class='ocrx_word' id='word_1_197' title='bbox 885 3262 959 3307; x_wconf 88' lang='lat' dir='ltr'><strong>cnm</strong></span> <span class='ocrx_word' id='word_1_198' title='bbox 975 3240 1108 3326; x_wconf 89' lang='lat' dir='ltr'><strong>alleluja</strong></span> <span class='ocrx_word' id='word_1_199' title='bbox 1122 3263 1183 3327; x_wconf 89' lang='lat' dir='ltr'><strong>per</strong></span> <span class='ocrx_word' id='word_1_200' title='bbox 1201 3260 1485 3325; x_wconf 79' lang='lat' dir='ltr'><strong>anumquaenrqne</strong></span> 
     </span>
     <span class='ocr_line' id='line_1_27' title="bbox 296 3346 1484 3416; baseline 0.001 -6"><span class='ocrx_word' id='word_1_201' title='bbox 296 3353 493 3412; x_wconf 82' lang='lat' dir='ltr'><strong>nocturnum</strong></span> <span class='ocrx_word' id='word_1_202' title='bbox 516 3356 673 3416; x_wconf 88' lang='lat' dir='ltr'><strong>assumat.</strong></span> <span class='ocrx_word' id='word_1_203' title='bbox 709 3346 878 3415; x_wconf 84' lang='lat' dir='ltr'><strong>Candelae</strong></span> <span class='ocrx_word' id='word_1_204' title='bbox 902 3356 969 3414; x_wconf 90' lang='lat' dir='ltr'><strong>tres</strong></span> <span class='ocrx_word' id='word_1_205' title='bbox 992 3356 1071 3415; x_wconf 83' lang='lat' dir='ltr'><strong>ante</strong></span> <span class='ocrx_word' id='word_1_206' title='bbox 1094 3347 1201 3414; x_wconf 62' lang='lat' dir='ltr'><strong>altine</strong></span> <span class='ocrx_word' id='word_1_207' title='bbox 1219 3355 1253 3413; x_wconf 87' lang='lat' dir='ltr'><strong>et</strong></span> <span class='ocrx_word' id='word_1_208' title='bbox 1268 3354 1357 3413; x_wconf 86' lang='lat' dir='ltr'><strong>retro</strong></span> <span class='ocrx_word' id='word_1_209' title='bbox 1373 3366 1484 3412; x_wconf 85' lang='lat' dir='ltr'><strong>unam.</strong></span> 
     </span>
     <span class='ocr_line' id='line_1_28' title="bbox 296 3451 1484 3539; baseline 0.002 -22"><span class='ocrx_word' id='word_1_210' title='bbox 296 3451 473 3519; x_wconf 86' lang='lat' dir='ltr'><strong>Lectiones</strong></span> <span class='ocrx_word' id='word_1_211' title='bbox 489 3460 565 3521; x_wconf 89' lang='lat' dir='ltr'><strong>octo</strong></span> <span class='ocrx_word' id='word_1_212' title='bbox 580 3475 620 3520; x_wconf 83' lang='lat' dir='ltr'><strong>ex</strong></span> <span class='ocrx_word' id='word_1_213' title='bbox 644 3477 794 3522; x_wconf 90' lang='lat' dir='ltr'><strong>sermone</strong></span> <span class='ocrx_word' id='word_1_214' title='bbox 818 3477 876 3521; x_wconf 88' lang='lat' dir='ltr'><strong>suo</strong></span> <span class='ocrx_word' id='word_1_215' title='bbox 897 3455 1028 3521; x_wconf 86' lang='lat' dir='ltr'><strong>nomina</strong></span> <span class='ocrx_word' id='word_1_216' title='bbox 1045 3453 1171 3520; x_wconf 89' lang='lat' dir='ltr'><strong>dictato</strong></span> <span class='ocrx_word' id='word_1_217' title='bbox 1186 3454 1307 3538; x_wconf 74' lang='lat' dir='ltr'><strong>legant.</strong></span> <span class='ocrx_word' id='word_1_218' title='bbox 1335 3452 1484 3539; x_wconf 81' lang='lat' dir='ltr'><strong>Respon-</strong></span> 
     </span>
     <span class='ocr_line' id='line_1_29' title="bbox 296 3561 1485 3647; baseline 0.001 -22"><span class='ocrx_word' id='word_1_219' title='bbox 296 3561 428 3644; x_wconf 85' lang='lat' dir='ltr'><strong>sorium,</strong></span> <span class='ocrx_word' id='word_1_220' title='bbox 454 3563 580 3628; x_wconf 71' lang='lat' dir='ltr'><strong>Beatus</strong></span> <span class='ocrx_word' id='word_1_221' title='bbox 602 3567 669 3642; x_wconf 77' lang='lat' dir='ltr'><strong>air,</strong></span> <span class='ocrx_word' id='word_1_222' title='bbox 694 3570 727 3628; x_wconf 88' lang='lat' dir='ltr'><strong>et</strong></span> <span class='ocrx_word' id='word_1_223' title='bbox 749 3561 828 3645; x_wconf 87' lang='lat' dir='ltr'><strong>alia,</strong></span> <span class='ocrx_word' id='word_1_224' title='bbox 852 3582 938 3647; x_wconf 83' lang='lat' dir='ltr'><strong>quae</strong></span> <span class='ocrx_word' id='word_1_225' title='bbox 961 3561 1157 3628; x_wconf 79' lang='lat' dir='ltr'><strong>conveniunt</strong></span> <span class='ocrx_word' id='word_1_226' title='bbox 1173 3566 1376 3627; x_wconf 77' lang='lat' dir='ltr'><strong>assumente</strong></span> <span class='ocrx_word' id='word_1_227' title='bbox 1392 3579 1485 3626; x_wconf 84' lang='lat' dir='ltr'><strong>sano-</strong></span> 
     </span>
    </p>
   </div>
   <div class='ocr_carea' id='block_1_3' title="bbox 294 3664 1733 4183">
    <p class='ocr_par' dir='ltr' id='par_1_3' title="bbox 294 3664 1733 4183">
     <span class='ocr_line' id='line_1_30' title="bbox 295 3664 1484 3754; baseline 0.002 -23"><span class='ocrx_word' id='word_1_228' title='bbox 295 3674 402 3733; x_wconf 90' lang='lat' dir='ltr'><strong>torum</strong></span> <span class='ocrx_word' id='word_1_229' title='bbox 427 3666 594 3752; x_wconf 75' lang='lat' dir='ltr'><strong>hystoriis,</strong></span> <span class='ocrx_word' id='word_1_230' title='bbox 619 3668 736 3751; x_wconf 72' lang='lat' dir='ltr'><strong>llltm,</strong></span> <span class='ocrx_word' id='word_1_231' title='bbox 760 3666 900 3750; x_wconf 68' lang='lat' dir='ltr'><strong>t&#39;ltlw,</strong></span> <span class='ocrx_word' id='word_1_232' title='bbox 925 3667 1041 3734; x_wconf 72' lang='grc' dir='ltr'><strong>ΧΠ·ιιιι</strong></span> <span class='ocrx_word' id='word_1_233' title='bbox 1069 3690 1092 3735; x_wconf 83' lang='lat' dir='ltr'><strong>a</strong></span> <span class='ocrx_word' id='word_1_234' title='bbox 1107 3666 1252 3753; x_wconf 67' lang='lat' dir='ltr'><strong>duobus,</strong></span> <span class='ocrx_word' id='word_1_235' title='bbox 1270 3672 1426 3754; x_wconf 84' lang='lat' dir='ltr'><strong>promant</strong></span> <span class='ocrx_word' id='word_1_236' title='bbox 1440 3664 1484 3733; x_wconf 85' lang='lat' dir='ltr'><strong>ad</strong></span> 
     </span>
     <span class='ocr_line' id='line_1_31' title="bbox 294 3770 1484 3863; baseline 0.001 -25"><span class='ocrx_word' id='word_1_237' title='bbox 294 3773 427 3857; x_wconf 53' lang='lat' dir='ltr'><strong>gadiis.</strong></span> <span class='ocrx_word' id='word_1_238' title='bbox 462 3773 521 3841; x_wconf 80' lang='lat' dir='ltr'><strong>Ad</strong></span> <span class='ocrx_word' id='word_1_239' title='bbox 544 3776 675 3841; x_wconf 88' lang='lat' dir='ltr'><strong>cantica</strong></span> <span class='ocrx_word' id='word_1_240' title='bbox 700 3785 883 3860; x_wconf 81' lang='lat' dir='ltr'><strong>augeantur</strong></span> <span class='ocrx_word' id='word_1_241' title='bbox 898 3773 1101 3842; x_wconf 86' lang='lat' dir='ltr'><strong>candelabra</strong></span> <span class='ocrx_word' id='word_1_242' title='bbox 1115 3773 1182 3840; x_wconf 88' lang='lat' dir='ltr'><strong>duo</strong></span> <span class='ocrx_word' id='word_1_243' title='bbox 1197 3774 1352 3863; x_wconf 56' lang='lat' dir='ltr'><strong>anterius,</strong></span> <span class='ocrx_word' id='word_1_244' title='bbox 1388 3770 1484 3840; x_wconf 88' lang='lat' dir='ltr'><strong>Simi-</strong></span> 
     </span>
     <span class='ocr_line' id='line_1_32' title="bbox 295 3879 1485 3968; baseline 0.001 -22"><span class='ocrx_word' id='word_1_245' title='bbox 295 3881 371 3947; x_wconf 84' lang='lat' dir='ltr'><strong>liter</strong></span> <span class='ocrx_word' id='word_1_246' title='bbox 394 3883 570 3967; x_wconf 83' lang='lat' dir='ltr'><strong>posterius.</strong></span> <span class='ocrx_word' id='word_1_247' title='bbox 606 3881 767 3968; x_wconf 83' lang='lat' dir='ltr'><strong>Superius</strong></span> <span class='ocrx_word' id='word_1_248' title='bbox 789 3881 917 3966; x_wconf 62' lang='lat' dir='ltr'><strong>thtr,</strong></span> <span class='ocrx_word' id='word_1_249' title='bbox 941 3881 1166 3967; x_wconf 78' lang='lat' dir='ltr'><strong>altaribusque</strong></span> <span class='ocrx_word' id='word_1_250' title='bbox 1186 3882 1283 3968; x_wconf 79' lang='lat' dir='ltr'><strong>juxta</strong></span> <span class='ocrx_word' id='word_1_251' title='bbox 1297 3880 1405 3967; x_wconf 80' lang='lat' dir='ltr'><strong>majna</strong></span> <span class='ocrx_word' id='word_1_252' title='bbox 1419 3879 1485 3947; x_wconf 82' lang='lat' dir='ltr'><strong>sita</strong></span> 
     </span>
     <span class='ocr_line' id='line_1_33' title="bbox 296 3987 1485 4075; baseline 0.002 -22"><span class='ocrx_word' id='word_1_253' title='bbox 296 3998 372 4054; x_wconf 85' lang='lat' dir='ltr'><strong>sunt</strong></span> <span class='ocrx_word' id='word_1_254' title='bbox 396 4009 463 4055; x_wconf 89' lang='lat' dir='ltr'><strong>una</strong></span> <span class='ocrx_word' id='word_1_255' title='bbox 486 3989 702 4058; x_wconf 87' lang='lat' dir='ltr'><strong>solummodo.</strong></span> <span class='ocrx_word' id='word_1_256' title='bbox 748 3988 905 4056; x_wconf 87' lang='lat' dir='ltr'><strong>Homelia</strong></span> <span class='ocrx_word' id='word_1_257' title='bbox 935 4011 976 4055; x_wconf 80' lang='lat' dir='ltr'><strong>ex</strong></span> <span class='ocrx_word' id='word_1_258' title='bbox 1004 3988 1193 4074; x_wconf 78' lang='lat' dir='ltr'><strong>evangelica</strong></span> <span class='ocrx_word' id='word_1_259' title='bbox 1221 3987 1380 4071; x_wconf 76' lang='lat' dir='ltr'><strong>lectione,</strong></span> <span class='ocrx_word' id='word_1_260' title='bbox 1408 3990 1485 4075; x_wconf 57' lang='lat' dir='ltr'><strong>ligo</strong></span> 
     </span>
     <span class='ocr_line' id='line_1_34' title="bbox 295 4092 1733 4183; baseline 0.003 -23"><span class='ocrx_word' id='word_1_261' title='bbox 295 4120 369 4162; x_wconf 69' lang='lat' dir='ltr'><strong>,ram</strong></span> <span class='ocrx_word' id='word_1_262' title='bbox 398 4097 478 4164; x_wconf 79' lang='lat' dir='ltr'><strong>rn&#39;tis</strong></span> <span class='ocrx_word' id='word_1_263' title='bbox 501 4120 595 4175; x_wconf 80' lang='lat' dir='ltr'><strong>aera,</strong></span> <span class='ocrx_word' id='word_1_264' title='bbox 621 4095 663 4163; x_wconf 81' lang='lat' dir='ltr'><strong>de</strong></span> <span class='ocrx_word' id='word_1_265' title='bbox 687 4097 890 4183; x_wconf 87' lang='lat' dir='ltr'><strong>expositione</strong></span> <span class='ocrx_word' id='word_1_266' title='bbox 912 4093 1003 4163; x_wconf 74' lang='lat' dir='ltr'><strong>beati</strong></span> <span class='ocrx_word' id='word_1_267' title='bbox 1028 4092 1241 4180; x_wconf 60' lang='lat' dir='ltr'><strong>augustinian</strong></span> <span class='ocrx_word' id='word_1_268' title='bbox 1271 4093 1329 4161; x_wconf 84' lang='lat' dir='ltr'><strong>Ao</strong></span> <span class='ocrx_word' id='word_1_269' title='bbox 1351 4094 1483 4162; x_wconf 84' lang='lat' dir='ltr'><strong>matuti-</strong></span> <span class='ocrx_word' id='word_1_270' title='bbox 1510 4113 1536 4156; x_wconf 76' lang='lat' dir='ltr'><strong>a&gt;</strong></span> <span class='ocrx_word' id='word_1_271' title='bbox 1550 4111 1577 4154; x_wconf 82' lang='lat' dir='ltr'><strong>r.</strong></span> <span class='ocrx_word' id='word_1_272' title='bbox 1592 4111 1621 4153; x_wconf 73' lang='lat' dir='ltr'><strong>a</strong></span> <span class='ocrx_word' id='word_1_273' title='bbox 1636 4112 1733 4167; x_wconf 79' lang='lat' dir='ltr'>xxxv.</span> 
     </span>
    </p>
   </div>
   <div class='ocr_carea' id='block_1_4' title="bbox 295 4186 1650 4271">
    <p class='ocr_par' dir='ltr' id='par_1_4' title="bbox 295 4186 1650 4271">
     <span class='ocr_line' id='line_1_35' title="bbox 295 4186 1650 4271; baseline 0.001 -3"><span class='ocrx_word' id='word_1_274' title='bbox 295 4203 403 4269; x_wconf 89' lang='lat' dir='ltr'><strong>nalem</strong></span> <span class='ocrx_word' id='word_1_275' title='bbox 438 4203 572 4269; x_wconf 83' lang='lat' dir='ltr'><strong>missam</strong></span> <span class='ocrx_word' id='word_1_276' title='bbox 607 4224 706 4270; x_wconf 88' lang='lat' dir='ltr'><strong>anam</strong></span> <span class='ocrx_word' id='word_1_277' title='bbox 742 4202 923 4271; x_wconf 87' lang='lat' dir='ltr'><strong>collectam.</strong></span> <span class='ocrx_word' id='word_1_278' title='bbox 977 4200 1019 4268; x_wconf 91' lang='lat' dir='ltr'><strong>In</strong></span> <span class='ocrx_word' id='word_1_279' title='bbox 1053 4201 1145 4268; x_wconf 84' lang='lat' dir='ltr'><strong>horis</strong></span> <span class='ocrx_word' id='word_1_280' title='bbox 1179 4201 1243 4267; x_wconf 81' lang='lat' dir='ltr'><strong>tria</strong></span> <span class='ocrx_word' id='word_1_281' title='bbox 1282 4199 1484 4269; x_wconf 82' lang='lat' dir='ltr'><strong>candelabra</strong></span> <span class='ocrx_word' id='word_1_282' title='bbox 1587 4186 1650 4227; x_wconf 68' lang='lat'><strong>¹⁸³²</strong></span> 
     </span>
    </p>
   </div>
   <div class='ocr_carea' id='block_1_5' title="bbox 296 4306 1483 4394">
    <p class='ocr_par' dir='ltr' id='par_1_5' title="bbox 296 4306 1483 4394">
     <span class='ocr_line' id='line_1_36' title="bbox 296 4306 1483 4394; baseline 0.002 -18"><span class='ocrx_word' id='word_1_283' title='bbox 296 4310 532 4379; x_wconf 86' lang='lat' dir='ltr'><strong>accendantur.</strong></span> <span class='ocrx_word' id='word_1_284' title='bbox 579 4308 672 4378; x_wconf 83' lang='lat' dir='ltr'><strong>Ante</strong></span> <span class='ocrx_word' id='word_1_285' title='bbox 702 4310 833 4377; x_wconf 79' lang='lat' dir='ltr'><strong>tertiam</strong></span> <span class='ocrx_word' id='word_1_286' title='bbox 864 4315 975 4376; x_wconf 84' lang='lat' dir='ltr'><strong>auteur</strong></span> <span class='ocrx_word' id='word_1_287' title='bbox 1005 4330 1119 4376; x_wconf 90' lang='lat' dir='ltr'><strong>omnes</strong></span> <span class='ocrx_word' id='word_1_288' title='bbox 1148 4314 1226 4375; x_wconf 90' lang='lat' dir='ltr'><strong>snut</strong></span> <span class='ocrx_word' id='word_1_289' title='bbox 1254 4306 1364 4394; x_wconf 82' lang='lat' dir='ltr'><strong>parati</strong></span> <span class='ocrx_word' id='word_1_290' title='bbox 1387 4307 1483 4379; x_wconf 71' lang='lat' dir='ltr'><strong>albis.</strong></span> 
     </span>
    </p>
   </div>
   <div class='ocr_carea' id='block_1_6' title="bbox 387 4555 1483 4631">
    <p class='ocr_par' dir='ltr' id='par_1_6' title="bbox 387 4555 1483 4631">
     <span class='ocr_line' id='line_1_37' title="bbox 387 4555 1483 4631; baseline -0.004 -14"><span class='ocrx_word' id='word_1_291' title='bbox 387 4561 409 4623; x_wconf 62' lang='grc' dir='ltr'><strong>ἰ</strong></span> <span class='ocrx_word' id='word_1_292' title='bbox 429 4562 478 4617; x_wconf 82' lang='lat' dir='ltr'><strong>Est</strong></span> <span class='ocrx_word' id='word_1_293' title='bbox 499 4561 620 4631; x_wconf 74' lang='lat' dir='ltr'><strong>psalmas</strong></span> <span class='ocrx_word' id='word_1_294' title='bbox 639 4559 834 4629; x_wconf 73' lang='lat' dir='ltr'><strong>nonagesimus</strong></span> <span class='ocrx_word' id='word_1_295' title='bbox 853 4567 980 4628; x_wconf 74' lang='lat' dir='ltr'><strong>ortartao,</strong></span> <span class='ocrx_word' id='word_1_296' title='bbox 1002 4557 1048 4628; x_wconf 79' lang='lat' dir='ltr'><strong>qni</strong></span> <span class='ocrx_word' id='word_1_297' title='bbox 1068 4557 1103 4613; x_wconf 82' lang='lat' dir='ltr'><strong>ad</strong></span> <span class='ocrx_word' id='word_1_298' title='bbox 1121 4557 1286 4614; x_wconf 75' lang='lat' dir='ltr'><strong>antatium</strong></span> <span class='ocrx_word' id='word_1_299' title='bbox 1306 4572 1355 4615; x_wconf 78' lang='lat' dir='ltr'><strong>aea</strong></span> <span class='ocrx_word' id='word_1_300' title='bbox 1372 4555 1483 4627; x_wconf 66' lang='lat' dir='ltr'><strong>vigilia·</strong></span> 
     </span>
    </p>
   </div>
   <div class='ocr_carea' id='block_1_7' title="bbox 295 4646 1374 4791">
    <p class='ocr_par' dir='ltr' id='par_1_7' title="bbox 295 4646 1374 4791">
     <span class='ocr_line' id='line_1_38' title="bbox 295 4646 842 4720; baseline -0.004 -15"><span class='ocrx_word' id='word_1_301' title='bbox 295 4667 355 4705; x_wconf 88' lang='lat' dir='ltr'><strong>cnm</strong></span> <span class='ocrx_word' id='word_1_302' title='bbox 375 4649 540 4708; x_wconf 80' lang='lat' dir='ltr'><strong>Inritatorio</strong></span> <span class='ocrx_word' id='word_1_303' title='bbox 558 4648 682 4720; x_wconf 79' lang='lat' dir='ltr'><strong>quotidie</strong></span> <span class='ocrx_word' id='word_1_304' title='bbox 699 4646 842 4704; x_wconf 81' lang='lat' dir='ltr'><strong>recitatur.</strong></span> 
     </span>
     <span class='ocr_line' id='line_1_39' title="bbox 350 4733 1374 4791; baseline -0.006 -10"><span class='ocrx_word' id='word_1_305' title='bbox 350 4741 534 4782; x_wconf 76' lang='lat' dir='ltr'><strong>t&#39;onauerndtnea</strong></span> <span class='ocrx_word' id='word_1_306' title='bbox 548 4738 697 4780; x_wconf 55' lang='lat' dir='ltr'><strong>Romaene.</strong></span> <span class='ocrx_word' id='word_1_307' title='bbox 1356 4733 1374 4791; x_wconf 70' lang='grc'><strong>5</strong></span> 
     </span>
    </p>
   </div>
   <div class='ocr_carea' id='block_1_8' title="bbox 0 0 1901 5375">
    <p class='ocr_par' dir='ltr' id='par_1_8' title="bbox 0 0 1901 5375">
     <span class='ocr_line' id='line_1_40' title="bbox 0 0 1901 5375; baseline 0 0"><span class='ocrx_word' id='word_1_308' title='bbox 0 0 1901 5375; x_wconf 95' lang='lat' dir='ltr'><strong> </strong></span> 
     </span>
    </p>
   </div>
  </div>
 </body>
</html>
