3792 5375
750 472 972 534 ..89-

269 675 384 731 sonent
401 665 528 750 signum
544 671 577 732 et
593 673 695 752 agant
712 663 890 730 matutinas
904 685 944 731 ex
960 662 1034 731 luoe
1042 664 1067 750 ¹)
1089 672 1123 730 et
1137 664 1224 733 hanc
1240 663 1455 752 antiphonam

267 773 438 857 inponant,
473 774 546 840 Hac
568 786 619 840 est
639 784 853 860 praeceptam
877 793 996 839 umam.
1043 769 1193 855 Ymnus,
1225 776 1344 840 Aurea
1373 775 1455 842 luce.

270 877 482 947 Postmodum
517 880 551 945 in
586 879 685 946 ulimn
716 877 851 945 chorum
881 885 1017 944 mutent
1046 880 1228 946 matutinas
1257 877 1456 948 Sanctorum

269 995 369 1070 utque
394 985 632 1053 defunctorum.
665 989 757 1053 Deus
779 987 919 1052 uteribus
942 990 1122 1054 nostriset
1146 987 1291 1073 quinque
1310 986 1457 1074 psalmos

270 1115 330 1180 pro
364 1094 597 1160 anniversauiis
631 1092 780 1162 statium.
838 1090 1017 1159 Secretauii
1052 1093 1226 1161 sustollant
1260 1101 1456 1161 ornamenta

270 1199 457 1269 aecclesiae.
497 1200 552 1268 Ad
576 1202 733 1287 primam,
763 1201 927 1268 Miserere
954 1202 1022 1268 inci
1041 1202 1131 1283 dens,
1162 1208 1287 1287 septem
1311 1199 1457 1287 psalmos

269 1315 303 1373 et
326 1308 501 1374 laetaniam
525 1330 654 1377 necnon
677 1316 711 1375 et
735 1307 866 1372 missam
892 1307 1129 1376 matutinalem.
1174 1305 1217 1374 ln
1239 1306 1386 1376 claustro
1409 1308 1457 1377 lo·

269 1422 415 1502 quantur
445 1417 529 1483 sicut
561 1415 635 1482 aliis
662 1413 788 1484 diebus.
842 1414 882 1480 In
912 1414 1002 1481 honis
1032 1413 1212 1501 antiphona
1242 1414 1456 1501 plurimorum

269 1521 502 1607 apostolorum,
527 1530 563 1588 at
587 1522 642 1589 ubi
666 1522 773 1589 minus
791 1521 944 1588 eveniunt
959 1529 1113 1607 promant
1130 1521 1171 1589 de
1185 1522 1346 1609 propriis3
1369 1521 1457 1590 simi·

268 1628 345 1695 litor
367 1628 511 1714 mpitula
536 1636 636 1716 atque
659 1628 834 1696 orationes.
866 1627 994 1694 Pstlmi
1016 1628 1194 1696 tantillares
1211 1650 1278 1696 non
1297 1629 1458 1716 inponan-

269 1745 332 1801 tur.
380 1735 461 1803 Post
485 1738 617 1804 tertiam
642 1741 744 1824 agant
773 1736 868 1822 pueri
897 1735 1086 1803 laetaniam.
1132 1736 1192 1805 Ad
1222 1735 1356 1803 missam
1385 1735 1457 1805 offi-

269 1844 365 1922 cium,
391 1847 480 1910 allt'lti
493 1860 601 1911 antem
618 1848 728 1914 initiis.
760 1839 911 1928 Oramus,
936 1846 1038 1927 Deus,
1063 1848 1156 1933 stylis
1171 1847 1311 1912 dextera
1326 1847 1457 1912 tentum

263 1963 409 2036 petrium.
456 1951 620 2037 Epistola,
650 1955 733 2031 Jam
760 1975 823 2017 mm
845 1955 924 2018 estis
954 1951 1145 2038 temptant>
1187 1949 1457 2038 Responsorium,
1486 1973 1514 2016 (o
1537 1973 1597 2026 nnn
1612 1975 1648 2028 ιι,
1664 1977 1702 2019 ια

270 2060 382 2125 λίἰιιιέ
404 2061 560 2127 littorati
579 2074 665 2129 suut.
705 2060 866 2146 Alleluja.
913 2059 989 2142 Ego
1012 2081 1070 2125 vos
1091 2059 1188 2144 elegi.
1227 2057 1457 2144 evangelium,

270 2168 342 2233 Hoc
366 2180 415 2232 cst
428 2180 645 2253 praeceptum
669 2165 827 2234 meniulll.
863 2161 1089 2250 Offertorium,
1114 2168 1154 2233 Iu
1176 2188 1302 2233 emtum
1317 2180 1457 2236 terram.
1484 2189 1516 2230 cu
1530 2187 1711 2243 saxam

269 2273 473 2353 Communia
507 2276 577 2356 l'os,
603 2278 663 2361 qui
683 2276 788 2342 secuti
807 2274 886 2340 estis
908 2296 968 2341 me.
1017 2271 1075 2339 Ad
1098 2272 1281 2361 l’esperum
1308 2293 1349 2339 ex
1372 2271 1458 2340 anti·

268 2380 387 2465 plionis
411 2402 691 2466 unamquamque,
715 2401 800 2467 quae
823 2401 921 2466 super
944 2379 1147 2466 euangelium
1171 2380 1225 2463 sit,
1254 2401 1341 2467 quae
1369 2401 1458 2447 oom-

269 2487 376 2553 munis
400 2489 443 2553 sit
465 2486 635 2555 amborum
644 2487 671 2572 ¹)
693 2493 728 2553 et
752 2484 869 2573 psalmi
892 2485 933 2552 de
958 2485 1041 2554 seria
1066 2486 1162 2554 sicuti
1182 2485 1298 2554 diatim
1313 2486 1457 2558 ueniunt.

269 2593 353 2661 Post
380 2616 516 2661 caenam
547 2603 650 2679 agant
679 2593 823 2661 osticium
853 2602 1056 2661 mortuorum
1086 2594 1183 2661 sicuti
1211 2615 1284 2661 mos
1313 2602 1374 2662 est
1420 2592 1458 2663 si

269 2711 403 2769 sanctus
426 2702 545 2790 aliquis
569 2704 714 2770 evenerit
737 2701 825 2769 unde
855 2709 922 2768 tres
951 2700 1109 2770 lectiones
1139 2702 1303 2781 officiant,
1332 2701 1458 2769 saciant

269 2820 304 2875 ut
328 2809 522 2896 protulimus
546 2809 633 2876 intra
658 2808 765 2877 sancti
783 2807 940 2892 johannis
963 2818 1111 2878 octavas.

359 2916 608 2984 LXXXVIII.
632 2915 684 2984 IN
709 2914 959 2983 TRanslatione
983 2917 1090 2984 sancti
1112 2917 1247 2985 martini

359 3025 403 3091 acl
433 3045 605 3111 vesperum
639 3022 837 3111 oapitulum,
872 3026 959 3090 Ecce
987 3027 1153 3095 sacerdos.
1199 3023 1457 3110 Responsorium

268 3133 376 3214 breue,
408 3134 551 3201 Antanit
571 3158 645 3202 cnm
668 3134 829 3200 doininus.
875 3129 1026 3213 Ymnm,
1056 3134 1131 3200 Rex
1160 3134 1284 3201 christe
1306 3132 1458 3199 mortim.

268 3239 472 3325 Antiphona,
504 3240 718 3323 Ollartiuc,
741 3239 845 3324 opii.
890 3236 1028 3323 Oratio,
1058 3242 1152 3306 Deus
1181 3241 1242 3328 qui
1262 3239 1456 3327 con][spicis‚

268 3356 300 3412 et
325 3354 478 3433 repetunt
500 3344 715 3430 antiphonam
743 3365 784 3412 ex
814 3344 984 3430 apostolis.
1032 3345 1089 3413 Ad
1118 3346 1295 3414 stationem
1323 3365 1457 3432 respon·

268 3454 400 3536 sarium,
425 3456 547 3520 Sancte
570 3453 753 3533 neaniai)
798 3451 892 3519 Tunc
916 3453 1072 3521 sacerdos
1095 3453 1185 3521 dicat
1206 3453 1296 3521 huno
1317 3474 1457 3536 versum,

269 3565 410 3629 ilmmu't
430 3585 503 3629 eam
527 3560 688 3630 dotitinus.
729 3557 858 3644 Oratio,
882 3564 985 3639 Dens,
1010 3565 1070 3648 qai
1081 3563 1205 3648 populo
1228 3572 1292 3629 tuo.
1313 3559 1457 3627 ‘Invita-

267 3670 405 3752 torium,
441 3668 630 3737 adoremus
664 3672 826 3738 christani
859 3690 985 3754 regem.
1038 3666 1180 3750 Ymnus,
1214 3670 1291 3736 Rex
1325 3669 1456 3736 clm'stc.

268 3775 446 3843 Lectiones
469 3774 661 3860 obsequium
685 3773 881 3843 matutinale
906 3773 947 3840 de
978 3774 1048 3859 ejus
1077 3773 1361 3859 ordinationemtt)
1390 3774 1457 3841 sive

267 3883 481 3950 mutationem
490 3881 531 3970 (Ξ)
555 3891 589 3949 et
612 3884 694 3949 istas
716 3878 915 3966 antiphonas
939 3886 1040 3966 atquo
1054 3882 1261 3968 responsotia
1281 3904 1322 3949 ex
1338 3882 1457 3949 Gloria

260 3994 362 4076 patri
390 3990 483 4075 pueri
516 3988 664 4057 breviata
696 3988 820 4056 dicant.
867 3986 908 4052 In
938 3987 1045 4073 piimo
1074 3998 1236 4057 nocturno
1265 3988 1457 4076 antiphona,

267 4098 441 4164 liertiuus
463 4100 583 4164 aditae.
622 4101 769 4166 Sanctae
791 4096 964 4161 trinitatis.
1004 4096 1080 4179 ligo
1101 4099 1199 4182 sigim
1221 4100 1341 4165 crucia
1377 4094 1456 4163 Cou-

257 4205 333 4291 fido
362 4205 397 4272 in
427 4206 566 4272 doiuitto.
630 4206 661 4269 Τ
655 4202 806 4271 etraditts
831 4202 978 4287 cognita.
1037 4202 1296 4290 Oiaeffubilem
1332 4205 1456 4272 virum.

267 4309 534 4397 Responsorium,
560 4312 628 4377 llic
651 4322 701 4378 cst
714 4309 892 4376 attartiuns.
923 4309 1010 4375 Ecce
1025 4312 1181 4377 sacerdos
1195 4331 1350 4399 magnus.
1384 4308 1457 4377 Ora

266 4430 482 4439 ——m

358 4471 430 4537 ¹)1u
449 4478 506 4526 est:
528 4469 636 4526 Laudes
655 4467 815 4526 mantuus

356 4559 380 4631 ’l
398 4560 514 4616 Rasum

356 4647 379 4717 ⁸)
398 4649 504 4705 Rasum
523 4664 540 4703 a
559 4647 650 4704 serbis
671 4644 837 4720 ,eampum
858 4660 944 4716 usque
963 4645 1126 4716 „mutinet
