3792 5375
775 449 1001 513 ‚37-

293 652 424 732 praeter
459 640 625 727 tabulam,
664 641 720 708 uhi
756 641 856 708 affixa
890 649 942 708 est
977 642 1086 724 imago
1120 640 1245 709 domiai
1274 642 1381 710 nostri
1408 642 1484 730 jesa

292 751 406 818 christi
431 757 463 816 et
487 750 559 834 ejus
582 748 767 833 genitricis,
807 769 892 833 «pase
917 747 951 813 in
974 747 1037 814 hac
1061 749 1271 834 processione
1294 770 1361 816 uon
1384 750 1485 818 ωιοί·

294 860 382 942 pitar
403 865 437 923 et
462 856 593 922 veniant
617 855 665 922 ita
688 876 748 942 per
772 853 920 921 ordinem
945 855 979 920 ia
1002 855 1182 923 oratorium
1207 863 1345 924 namne
1360 857 1485 924 mariae

293 962 441 1030 currendo
460 963 703 1048 responsoriam
720 983 761 1028 ex
777 960 893 1027 eadem
916 960 1029 1041 beata,
1052 961 1124 1047 ipse
1140 969 1277 1031 sanctae
1292 984 1483 1048 congraum

292 1070 456 1136 Sacerdos
479 1068 610 1135 dicatur
631 1068 720 1134 hanc
745 1090 886 1152 versam,
912 1072 994 1135 Pes!
1008 1081 1150 1156 parterm
1174 1074 1292 1156 virgo,
1320 1078 1355 1137 et
1378 1071 1485 1138 oratio

292 1178 332 1243 de
357 1178 429 1262 ipsa
453 1175 608 1261 gloriosa.
655 1175 732 1262 Qua
755 1173 887 1260 expleta
911 1175 1079 1260 accipiant
1102 1175 1168 1242 duo
1191 1175 1383 1244 sacerdotes
1404 1175 1485 1243 hina

292 1283 437 1349 turibula
472 1304 575 1348 aurea
609 1290 642 1348 et
678 1282 874 1348 aromatizet
905 1280 1012 1348 altaro
1042 1280 1191 1366 ejusdem
1220 1283 1391 1368 genitricis
1419 1282 1484 1353 dei.

293 1389 467 1457 Attuarios
501 1390 640 1474 inponat
674 1388 738 1455 hoc
772 1386 1035 1472 responsorium,
1076 1389 1181 1470 Quem
1202 1390 1320 1457 dicuat
1339 1393 1486 1458 homenes

293 1520 371 1578 .·sse‚
395 1495 471 1562 haic
495 1495 697 1580 adjungatur
720 1493 813 1560 aliud
836 1515 896 1579 per
918 1493 999 1579 iter,
1022 1497 1173 1580 ,llagaus
1195 1510 1331 1564 sauctus
1347 1498 1484 1584 paulus,

293 1615 322 1669 et
349 1607 468 1670 exeant
491 1603 575 1668 sicut
598 1609 759 1669 venerunt
783 1600 959 1668 ordinatae
982 1621 1043 1686 per
1066 1600 1258 1673 claustrum.
1304 1601 1391 1671 Onna
1416 1602 1486 1671 sne

293 1711 358 1776 rint
383 1711 415 1775 in
439 1709 525 1777 atrio
549 1716 627 1775 ante
650 1707 763 1774 valam
794 1706 954 1774 ecclesiae
985 1716 1074 1776 stent
1103 1707 1148 1776 ibi
1175 1709 1331 1776 ordinata
1354 1730 1485 1796 prooes-

292 1819 399 1898 sione,
435 1816 521 1883 sicia
544 1823 720 1896 venerunt,
756 1815 902 1881 seniores
926 1822 1127 1901 praeparent
1152 1837 1189 1883 se
1216 1822 1254 1883 ot
1282 1837 1355 1885 mos
1378 1817 1485 1885 estin

293 1923 402 1991 choro.
449 1921 578 1990 Cantor
600 1920 731 1988 inchoet
755 1921 972 2007 antiphonam
995 1921 1094 2004 hanc,
1120 1925 1228 1990 Hodie
1249 1926 1370 1992 illuxit
1393 1925 1486 1992 aad&

292 2037 400 2098 laetus
423 2033 511 2108 dees,
536 2039 655 2097 exacta
678 2028 815 2114 incipiat
840 2028 1104 2114 responsorium,
1141 2030 1376 2118 erodcumqae
1397 2033 1486 2118 lige

294 2143 384 2205 reris
419 2145 452 2203 et
486 2136 589 2203 intret
624 2136 658 2201 in
692 2134 877 2202 basilicam.
940 2134 1036 2202 Tunc
1070 2133 1326 2222 personantias
1357 2138 1485 2205 cunctis

293 2245 404 2331 signis,
428 2244 486 2311 det
505 2243 701 2311 secretarius
717 2241 869 2309 omnibus
884 2241 1043 2310 fratribus
1060 2264 1195 2330 cappas,
1219 2242 1330 2330 pueris
1344 2244 1484 2315 tunicas.

292 2351 444 2419 Officium
468 2374 489 2417 a
513 2350 686 2417 duodecim
710 2351 754 2417 sit
778 2349 997 2430 custoditum,
1032 2349 1228 2417 coclearium
1251 2371 1388 2418 aarum
1410 2371 1485 2418 cnm

291 2480 424 2545 claraque
447 2459 590 2524 missura
618 2458 681 2523 erit
705 2458 737 2523 in
766 2455 904 2523 calicem
935 2455 1157 2523 subdiaconus
1187 2465 1301 2525 teneat
1327 2458 1363 2524 in
1384 2455 1485 2525 choro

291 2589 395 2652 usque
419 2566 452 2631 in
469 2564 560 2631 illam
575 2564 702 2646 horam,
727 2585 796 2649 qua
810 2563 1011 2650 proferenda
1027 2570 1096 2647 est3
1120 2563 1185 2631 dno
1200 2564 1304 2651 pallia
1318 2572 1486 2652 ponantur

291 2695 390 2760 super
413 2695 505 2740 uram
529 2680 562 2740 et
585 2671 719 2739 tertium
744 2671 788 2738 sit
810 2669 921 2738 album
945 2669 1087 2757 desuper
1104 2677 1244 2741 tantum.
1277 2671 1336 2741 Ad
1351 2670 1484 2740 inchoo·

289 2783 412 2847 tionem
449 2779 558 2847 xne
592 2779 752 2859 officiam,
798 2777 1009 2864 responsoria
1045 2800 1123 2846 vero
1163 2786 1323 2865 ‹pusttnor
1362 2777 1483 2847 decm-

290 2896 362 2955 tent
384 2887 419 2954 iu
443 2886 594 2954 anrhoue.
641 2887 794 2973 Ala-upa
826 2907 885 2950 sex
915 2883 1067 2951 similiter
1098 2906 1196 2972 snper
1218 2886 1310 2974 ipsos
1331 2885 1483 2955 ambone

290 2993 502 3061 Offerendam
533 2992 599 3060 dao
630 2992 766 3059 saciant.
813 2991 871 3058 Ad
903 2990 1143 3059 inchoationem
1173 3014 1289 3061 merae
1311 2991 1484 3062 duodecim

290 3102 374 3169 cerei
399 3110 477 3167 urite
501 3100 607 3167 altare
619 3096 646 3190 ][
663 3105 872 3184 coaptentur.
908 3097 1013 3166 Retro
1036 3098 1160 3166 decem.
1191 3099 1249 3166 Ad
1265 3099 1483 3187 expletionem

290 3210 415 3276 Missae
439 3207 552 3275 omnis
574 3207 667 3292 signa
689 3205 873 3291 pulsentur.

380 3315 420 3381 In
451 3313 624 3381 refectorio
654 3312 802 3380 habeant
833 3312 943 3379 omnia
974 3320 1174 3399 praeparata
1204 3313 1290 3381 sicut
1311 3314 1347 3382 iu
1369 3310 1483 3401 pasca,¹

289 3422 471 3508 eademque
500 3421 689 3508 propinatio
719 3420 791 3487 fiat.
838 3418 895 3485 Ad
926 3440 1097 3506 vesperam
1127 3418 1299 3488 duodecim
1322 3419 1483 3489 candelae

289 3530 355 3596 sint
385 3538 464 3595 ante
487 3550 592 3610 araur,
620 3535 709 3595 retro
734 3526 860 3609 decem,
890 3525 1085 3611 antiphona,
1110 3529 1253 3607 Jaraeit
1274 3514 1428 3597 anninus
1448 3535 1484 3596 et

289 3636 373 3704 aliae
404 3636 489 3702 sicut
520 3658 590 3701 nuos
622 3643 671 3701 est
703 3656 803 3720 agere
827 3634 861 3699 in
884 3632 1038 3699 natalitio
1061 3632 1295 3719 apostoloram.
1342 3633 1482 3716 Ymnnn

289 3749 406 3813 Aurea
429 3747 510 3812 lucc.
558 3741 726 3825 Collecta‚
761 3744 856 3809 Deus
885 3745 946 3828 qui
973 3745 1121 3828 apostolo
1149 3754 1204 3808 tao
1220 3755 1319 3829 petro
1341 3745 1482 3813 collatis.

288 3852 419 3920 Deinde
453 3858 607 3938 repetant
643 3846 827 3934 antiphona
862 3847 904 3913 de
940 3854 1056 3914 sancto
1088 3847 1188 3934 paulo
1222 3847 1374 3934 apostolo
1407 3869 1481 3917 cam

288 3959 408 4028 Gloria
447 3967 480 4025 et
520 3956 730 4046 postnrodam
771 3955 879 4022 sancti
910 3953 1079 4038 johannis.
1132 3952 1169 4022 Si
1208 3954 1282 4041 ipsa
1320 3953 1481 4023 festivitas

288 4068 432 4135 evenerit
457 4065 510 4132 die
533 4064 696 4132 dominico
720 4062 964 4149 processionem
987 4059 1113 4127 iaciant
1136 4062 1221 4128 sicut
1243 4061 1278 4129 in
1301 4060 1355 4128 die
1372 4082 1481 4129 resur·

288 4175 443 4242 rectionis
470 4171 631 4239 feceruut

378 4277 590 4348 LXXXVI.
614 4276 657 4343 ln
681 4276 991 4343 commemoratione
1022 4274 1127 4342 sancti
1149 4272 1258 4343 Pauli.
1303 4274 1363 4342 Ad
1385 4274 1480 4345 Vita·

288 4388 408 4455 tarium
432 4385 498 4453 duo
521 4385 586 4452 sint
610 4382 808 4452 circumdati
832 4382 957 4469 cappis.
1004 4380 1148 4465 Ymnns,
1177 4384 1317 4450 Exulat
1342 4385 1479 4452 caelum.

288 4493 402 4561 Primo
426 4498 460 4559 et
484 4491 629 4559 secundo
651 4498 816 4558 nocturno
839 4489 904 4555 tria
927 4485 1130 4554 candelabra
1159 4487 1226 4555 sint
1254 4493 1333 4556 ante
1363 4486 1479 4570 altam,

287 4608 377 4667 retro
412 4620 524 4667 ninum.
581 4598 758 4666 lectiones
793 4595 834 4663 de
870 4601 1060 4664 sauctorum
1093 4601 1226 4682 patrum
1265 4592 1479 4674 sermonibus,
