3792 5375
835 600 1160 684 -rsr-‘

366 809 467 875 choro
490 831 562 875 eum
587 831 701 895 eappa,
725 810 809 878 alius
832 810 876 877 ad
897 811 1071 879 lectionem
1087 815 1178 881 sitin
1194 815 1326 881 casule:
1351 809 1553 878 lectissim

366 915 481 982 casula
504 916 700 1001 proseratur,
725 916 789 985 duo
814 918 869 985 ulii
886 920 920 985 iu
936 918 1022 986 ulbis
1038 920 1082 987 ad
1098 922 1342 1007 responsorium
1357 914 1553 985 cauendum.

367 1022 535 1089 Discouus
564 1025 597 1089 in
628 1025 739 1090 casula
763 1026 965 1111 euangelium
989 1027 1115 1096 recitet.
1162 1028 1240 1095 Duo
1262 1023 1412 1096 conversi
1435 1020 1553 1089 cende·

366 1128 477 1208 lubra,
511 1130 628 1196 tertius
661 1130 839 1198 turibulum
871 1133 1010 1201 delerat.
1058 1133 1222 1202 duceudos
1250 1154 1351 1201 unuin
1381 1129 1554 1196 collectum

366 1236 456 1303 dicet
478 1245 618 1316 tuntum,
645 1239 853 1325 <temporem
875 1245 1083 1327 seerrpllerne,
1108 1243 1165 1307 eui
1185 1262 1367 1329 numquam
1390 1241 1462 1304 sine
1485 1250 1552 1324 spe.

365 1342 422 1409 Ad
435 1342 635 1411 offerendam
647 1367 760 1411 omnes
772 1348 983 1431 conueniant3
1000 1355 1076 1434 post
1087 1348 1204 1414 iterum
1216 1342 1404 1434 psalmodio
1414 1342 1553 1414 dicotur.

366 1451 449 1517 Post
478 1452 609 1517 missam
641 1473 717 1518 sero
747 1453 904 1539 majorem
928 1453 1151 1540 sepeliendum
1176 1462 1227 1522 est
1250 1472 1387 1541 coeptum
1417 1450 1479 1517 uisi
1501 1472 1554 1518 res

365 1559 441 1625 talis
465 1559 618 1638 evenerit,
642 1559 730 1644 quod
753 1560 878 1626 tamdiu
902 1562 1026 1628 serrari
1050 1582 1115 1629 uon
1138 1563 1254 1649 possit.

456 1665 560 1731 Missa
584 1666 707 1750 majore
730 1667 893 1755 completa
915 1669 1007 1754 prior
1029 1669 1156 1754 siguum
1180 1669 1288 1737 tribus
1310 1664 1436 1735 vicibus
1450 1672 1553 1746 sonu,

365 1780 402 1839 ut
431 1794 543 1839 omues
572 1774 783 1856 conveniant,
814 1781 849 1842 et
878 1773 1035 1843 candelas
1066 1798 1087 1842 a
1116 1777 1293 1844 secretario
1316 1772 1555 1857 suscipientes

365 1880 557 1964 obsequium
581 1888 782 1948 mortuorum
805 1882 928 1949 saciant
952 1890 987 1951 et
1010 1884 1130 1951 circum
1154 1883 1310 1951 feretrum
1325 1901 1440 1950 omnes
1454 1886 1553 1950 stent.

365 1986 421 2053 Illi
440 2008 580 2074 namque
596 1986 726 2068 fratres,
750 1990 806 2075 qui
827 1990 862 2056 in
886 1989 1057 2056 domorum
1081 1990 1282 2059 intirmorum
1305 1987 1406 2078 positi
1428 1994 1506 2054 snut
1520 1995 1555 2055 et

365 2116 497 2179 surgere
521 2095 665 2180 potuerit
688 2117 705 2162 e
725 2095 867 2177 'lectulis
891 2097 1003 2163 veniat
1025 2106 1222 2184 procurator
1243 2098 1387 2178 illorum,
1411 2094 1555 2180 accipiet

365 2224 478 2269 cereos
508 2223 528 2267 s
558 2204 734 2268 secretario
764 2211 798 2269 et
827 2202 954 2270 tribuet
983 2205 1031 2271 eis
1060 2205 1096 2272 in
1126 2207 1272 2274 oratorio
1302 2207 1417 2272 sancte
1440 2201 1552 2282 marie,

365 2310 421 2394 qui
445 2316 534 2374 stent
557 2308 602 2374 ibi
625 2330 793 2395 quousque
817 2311 962 2378 seniores
986 2314 1206 2380 remeaverint
1227 2312 1316 2383 iude.
1347 2306 1497 2376 Infantes
1512 2330 1553 2375 ex

366 2437 432 2482 uua
455 2423 549 2500 parte
573 2438 647 2482 cum
670 2417 834 2501 magistris
857 2418 941 2484 sicut
964 2421 1190 2505 processione,
1213 2418 1315 2488 facies
1337 2436 1416 2485 suus
1438 2422 1554 2483 oontn

364 2523 534 2590 orientem.

455 2629 532 2697 Duo
562 2629 682 2699 fratres
712 2631 862 2699 videlicet
884 2634 1063 2716 ueniamus,
1094 2644 1125 2701 et
1150 2656 1235 2702 uuus
1258 2657 1299 2702 ex
1321 2629 1397 2701 eliis
1420 2629 1553 2697 veniam

365 2745 398 2803 et
421 2745 510 2803 stent
529 2739 626 2823 juxta
649 2738 835 2806 defunctum
851 2741 1068 2825 conclament,
1084 2742 1109 2830 ][
1125 2747 1234 2830 llyrie
1248 2745 1386 2826 eleyson.
1424 2738 1555 2807 Christe
1633 2750 1679 2791 Μ
1696 2754 1756 2796 Μ’

365 2850 501 2931 eleyson.
549 2849 654 2931 ls'yer‘e
676 2850 812 2934 eleyson.
859 2845 1035 2932 Sacerdos,
1059 2849 1116 2935 qui
1139 2845 1395 2916 ebdomadarius
1418 2851 1486 2926 est,
1509 2845 1553 2913 sit

364 2954 502 3019 restitus
535 2952 613 3019 olba
646 2976 719 3020 eum
750 2955 835 3022 stola
864 2964 898 3022 et
928 2955 1036 3022 dicut:
1070 2954 1200 3040 Oratio,
1209 2956 1238 3046 ¹)
1280 2960 1356 3024 Non
1385 2953 1490 3020 intres
1517 2953 1552 3020 in

358 3064 533 3147 Indicium.
569 3062 712 3129 Peracta
736 3063 877 3148 accipiat
900 3061 1080 3130 turibulum
1105 3072 1137 3130 et
1160 3065 1309 3132 incenset
1325 3059 1433 3128 alters
1446 3058 1552 3145 majus

364 3177 492 3236 tuntum
524 3179 555 3235 et
588 3193 716 3255 comus.
764 3170 819 3237 Illi
843 3169 908 3237 duo
933 3178 968 3237 ut
992 3193 1094 3256 supra
1115 3171 1277 3257 incipiunt
1298 3166 1552 3253 responsorium,

364 3281 440 3343 Here
464 3279 550 3345 neila
569 3282 708 3359 dmm'ne,
741 3277 815 3344 dein
840 3281 945 3361 Kyrie
968 3280 1106 3364 eleyson.
1153 3276 1319 3346 Sacerdos
1342 3274 1460 3357 oratio,
1484 3275 1553 3340 Fere

364 3406 564 3467 quassemus
594 3386 733 3452 duneline.
780 3385 899 3451 Denuo
930 3385 1124 3452 aromatizet
1153 3383 1260 3452 altaro
1291 3391 1327 3453 et
1350 3378 1551 3461 defunctum,

364 3491 428 3557 duo
458 3497 495 3556 ut
524 3511 626 3574 supra
649 3490 769 3556 fratres
793 3492 1035 3576 responsorium
1058 3490 1205 3575 ulium(!)
1228 3499 1263 3558 et
1285 3489 1394 3579 ls'yrr‘e
1414 3489 1551 3574 eleyson.

363 3596 527 3665 Sacerdos
550 3598 667 3678 oratio,
691 3601 820 3665 lncle'ua
843 3603 974 3665 dorrrine
996 3604 1030 3664 et
1053 3598 1202 3665 incenset
1224 3619 1318 3664 aram
1334 3603 1368 3663 et
1383 3591 1550 3663 lustrum.

363 3703 494 3771 Deinde
524 3704 648 3769 leretur
678 3726 795 3789 corpus
826 3704 866 3770 de
893 3703 1074 3786 aecclesie,
1105 3704 1278 3790 pulsentur
1301 3705 1406 3788 signs.
1453 3699 1551 3766 Anu·

362 3812 489 3897 phona,
527 3814 565 3878 ln
589 3816 808 3898 paradisum,
838 3809 1021 3896 procedant
1050 3831 1164 3877 omues
1193 3833 1253 3898 per
1282 3808 1442 3878 ordinem
1495 3805 1551 3872 Iu·

363 3920 474 4004 primis
497 3940 583 4002 aqua
607 3927 739 3999 saneta,
770 3941 849 3984 crux
870 3918 1040 3985 incensum
1064 3924 1099 3984 et
1121 3917 1187 3984 dno
1209 3914 1424 3985 candelebra
1468 3910 1550 3981 Sub·

362 4032 544 4111 sequuntur
573 4025 716 4091 infantes
739 4048 811 4091 cum
836 4026 1013 4110 magistris.
1060 4025 1297 4112 Adjuugautur
1320 4024 1369 4092 eis
1391 4019 1549 4102 conversi,

361 4130 417 4216 qui
441 4132 588 4197 nesciunt
612 4141 765 4212 cantare;
789 4131 865 4198 dein
889 4130 956 4212 ulii,
982 4131 1046 4198 duo
1070 4139 1104 4199 et
1120 4130 1196 4216 duc,
1219 4133 1306 4199 siout
1321 4136 1398 4199 suut
1412 4129 1548 4215 priores.
1573 4193 1576 4197 .

361 4236 418 4303 Ad
442 4246 621 4304 extremum
646 4237 801 4304 sacerdos
824 4248 857 4305 et
879 4237 937 4320 illi,
961 4239 1018 4324 qni
1041 4237 1194 4305 deserunt
1215 4237 1385 4305 feretrum.

451 4342 533 4410 Cum
564 4343 609 4410 ad
632 4347 835 4431 sepulturam
859 4346 1008 4411 seuerius
1032 4344 1190 4412 frutribus
1212 4345 1247 4412 in
1270 4343 1411 4412 circuitu
1433 4340 1548 4410 manti·

361 4448 423 4514 bus
445 4452 526 4517 sieut
550 4452 584 4517 in
608 4451 716 4531 choro,
741 4461 773 4518 et
796 4453 830 4518 in
853 4450 962 4518 medio
976 4450 1146 4518 collocatis
1162 4450 1354 4532 infantibus,
1378 4449 1464 4516 sicut
1477 4468 1548 4515 mos

359 4563 412 4620 est
446 4565 533 4623 stare
567 4557 611 4623 ad
645 4560 886 4643 processionem
919 4557 1023 4642 janus
1052 4556 1249 4640 eecclesiae,
1287 4554 1444 4624 sacerdos
1473 4575 1547 4621 euru

451 4788 472 4855 't
493 4790 525 4842 ln
542 4794 621 4844 textu
640 4789 771 4857 seriptum
790 4793 849 4843 erat
867 4786 1011 4857 primitus:
1031 4786 1172 4854 „Oramus
1192 4790 1232 4840 Ne
1248 4787 1368 4841 luerent.

1380 4871 1435 4927 18⁶
