3792 5375
817 478 999 533 ..IV-

342 647 344 653 ¹
412 657 548 722 Decimo
570 655 645 721 dein
670 655 800 721 saeculo
824 655 1001 739 incipiente
1025 656 1058 721 in
1080 653 1272 738 Burgumlia
1296 651 1503 719 Benedictini

321 762 445 830 ordinis
479 763 670 828 asceterium
707 761 834 828 celebre
874 763 987 828 sacrdos
1029 761 1139 828 usitandi
1175 762 1209 826 in
1244 783 1279 826 sc
1314 766 1504 826 conuertere

321 870 438 954 coepit,
468 870 695 934 iticinasterium
721 869 794 934 dico
817 867 1047 937 Cluuiaccnse.
1095 869 1136 934 In
1160 870 1230 953 ipso
1254 887 1371 951 nempe
1389 866 1505 950 jams

321 978 426 1063 prima
449 974 637 1042 stirrdatiuuc
662 975 814 1042 miriticus
840 978 1042 1043 monasticae
1074 976 1265 1060 disciplinae
1289 974 1424 1059 spiritus
1446 971 1503 1039 ob

321 1083 519 1151 servabatur.
566 1084 674 1149 Beana
709 1106 730 1149 a
760 1083 936 1151 Wilbelmo
968 1084 1172 1169 Aquitaniae
1206 1082 1290 1149 duce
1320 1103 1408 1148 arturo
1438 1084 1504 1146 910

320 1189 423 1256 abbas
452 1188 676 1256 Cluniaeensis
707 1190 893 1256 rrtorrasterii
924 1213 946 1256 a
978 1213 1013 1256 se
1039 1199 1116 1256 tunc
1145 1189 1272 1256 franclati
1297 1188 1504 1268 constitutus,

320 1297 516 1362 imitatorem
547 1297 596 1361 sni
624 1317 664 1362 ac
693 1296 868 1363 zelatorem
898 1297 1006 1363 berrao
1037 1297 1227 1383 disciplinae
1257 1293 1407 1362 Odonent
1438 1293 1503 1360 dis·

321 1402 460 1490 cipulmu
484 1402 624 1488 rcliquit,
649 1403 714 1488 «qui,
740 1411 776 1469 ut
791 1404 840 1470 uit
862 1405 912 1470 rir
935 1427 1062 1471 ritormn
1086 1404 1275 1488 integritate
1291 1424 1332 1468 ac
1348 1401 1504 1468 scientiae

320 1509 418 1576 latrdc
441 1510 667 1595 conspicuum')
701 1511 894 1596 ,praecipue
917 1512 1009 1577 illam
1035 1511 1239 1596 disciplinam
1265 1509 1409 1576 excoluit
1432 1515 1504 1575 toto

320 1616 398 1683 orbe
424 1616 636 1683 llcnedictiuo
660 1625 776 1704 postca
800 1617 1091 1684 celebratissimum
1116 1640 1155 1683 ac
1171 1617 1291 1703 ubique
1307 1616 1376 1682 lore
1392 1638 1504 1701 recep·

320 1730 397 1806 tani,
422 1725 513 1809 cujus
537 1723 617 1791 ritus
640 1747 680 1791 ac
703 1725 854 1791 instituta
876 1726 1000 1791 nostris
1021 1727 1119 1792 etiam
1137 1723 1341 1811 temporibus
1356 1723 1389 1789 in
1406 1722 1504 1789 letarde

319 1829 472 1897 habenda
506 1839 611 1900 snut.“
668 1830 763 1897 Illico
798 1855 874 1899 vero
908 1832 963 1900 bic
999 1833 1104 1918 surgit
1138 1832 1304 1919 quaestio,
1340 1830 1503 1896 uudcnam

320 1935 554 2004 Cluniaccnses
578 1936 714 2004 abbates
738 1940 819 2005 ritus
844 1947 943 2025 atque
967 1940 1120 2006 instituta
1142 1938 1201 2004 illa
1216 1936 1404 2004 traxerint?
1431 1935 1505 2004 bla-

320 2043 482 2111 billionius
518 2051 630 2111 noster
665 2045 699 2110 in
730 2045 873 2112 sectando
904 2045 1084 2113 diurnalium
1116 2045 1241 2112 ordinis
1271 2043 1308 2115 S.
1332 2042 1506 2111 Benedicti

320 2158 408 2217 tostae
439 2150 587 2236 sesain)
614 2173 697 2228 ,non
721 2150 884 2232 ‹lubitem,
915 2153 995 2238 quin
1019 2173 1059 2219 cx
1079 2152 1238 2236 ejusmodi
1262 2150 1504 2218 consuetudini·

320 2257 380 2323 bns
411 2267 478 2324 tmn
510 2259 599 2344 apud
628 2258 797 2340 Adonem,
833 2265 900 2326 tutin
930 2259 966 2325 in
997 2258 1058 2325 boc
1089 2258 1199 2326 libello
1229 2258 1392 2343 collectis,
1427 2279 1504 2324 suas

320 2365 505 2450 acceperint
539 2364 634 2451 primi
667 2364 892 2432 cluniacensis
928 2367 1164 2435 institutores·
1222 2365 1373 2433 Libellus
1405 2386 1504 2451 porro

318 2472 390 2553 iste,
414 2471 457 2537 ad
481 2495 575 2557 «quiem
599 2471 726 2554 alludit,
750 2473 1013 2559 supranominati
1032 2485 1082 2540 est
1107 2472 1280 2540 Benedicti
1304 2472 1504 2539 Anisnensis

320 2580 351 2644 in
376 2587 493 2663 ‹putarto
510 2577 744 2645 Arralectonnn
769 2602 899 2646 suomm
924 2581 1088 2647 rolumiuc
1111 2580 1288 2647 subtituto
1316 2579 1503 2667 „Antiquae

320 2684 570 2755 consuetudines
612 2687 880 2755 rtrorrasteriornm
920 2689 1047 2755 ordinis
1087 2690 1120 2758 S.
1148 2687 1341 2756 Benedicti⁴
1383 2687 1502 2759 editus.

318 2795 551 2862 Cluniaccnses
574 2795 684 2881 itaquae
708 2793 880 2862 llencdicti
905 2797 1108 2863 Arrianeusis
1138 2796 1363 2863 ret'onnationi
1393 2803 1427 2863 ct
1455 2796 1503 2862 in·

319 2903 478 2969 stitutioni
501 2899 724 2984 inhaerentes,
756 2901 1051 2969 arroditicatiouibus
1075 2911 1185 2970 tanuu
1209 2902 1375 2989 aliquibus
1401 2904 1503 2971 intro·

319 3008 440 3092 ductis,
468 3031 508 3075 ea
531 3009 657 3076 noviter
680 3008 846 3076 obseruari
870 3010 1037 3094 lecerunt,
1068 3033 1152 3097 qum
1176 3011 1287 3078 aritae
1311 3009 1504 3096 discipliuae

319 3116 498 3185 conformia
526 3116 596 3201 ipsc
626 3115 826 3182 Benedictus
862 3118 894 3183 in
926 3118 1067 3185 cnircilio
1099 3118 1359 3204 Aquisgrnnensi
1390 3116 1504 3184 habito

318 3245 384 3289 uua
413 3245 485 3290 cum
515 3223 623 3289 sumtis
653 3223 829 3290 abbatibus
860 3226 960 3310 recipi
988 3225 1147 3309 jusserat.
1157 3225 1184 3310 ³)
1228 3225 1397 3293 dudicimn
1427 3247 1504 3292 vero

318 3328 499 3396 absolutum
524 3329 565 3396 dc
588 3329 651 3397 bac
674 3331 865 3415 ‹paraestionc
889 3331 976 3397 serre
1000 3330 1090 3397 baud
1107 3331 1234 3398 ridetur
1250 3330 1416 3418 possibile,
1439 3331 1502 3397 nisi

318 3436 568 3503 consuetudines
591 3444 624 3502 et
648 3437 852 3523 praescripta
876 3444 943 3504 tmu
968 3437 1033 3503 ista
1056 3460 1154 3523 «puram
1180 3438 1247 3520 illa,
1271 3437 1503 3522 nrannscriptis

318 3542 403 3609 inter
424 3564 460 3609 se
483 3542 612 3609 collatis
635 3565 719 3610 noro
743 3551 775 3608 ct
799 3550 956 3610 accurato
979 3544 1122 3611 enariiini
1145 3543 1371 3628 subjiciuntur.
1418 3542 1503 3610 Tum

318 3649 458 3732 demum,
482 3672 642 3736 «quaenam
666 3649 783 3717 relatio
805 3650 892 3717 inter
913 3652 989 3736 ipsa
1012 3651 1245 3745 intercesserit,
1276 3651 1366 3718 clarc
1389 3650 1503 3718 diluci-

318 3755 423 3843 deque
445 3755 662 3822 deuronstrari
684 3757 816 3843 poterit.

407 3861 459 3929 Do
482 3864 717 3949 propagatione
733 3862 963 3931 Cluuiaeeusis
987 3864 1180 3952 discipliuae
1203 3866 1344 3933 riraxiruo
1367 3865 1401 3933 in
1417 3862 1502 3934 Ger·

317 3969 447 4036 maniae
471 3970 685 4054 inonasteriis,
711 3970 775 4037 alio
798 3971 871 4038 loco
894 3971 1034 4058 aliisque
1057 3972 1259 4058 temporibus
1278 3971 1427 4039 diffusius
1442 3993 1503 4039 uos

317 4075 461 4143 dicturos
485 4099 556 4143 esso
581 4077 801 4163 speranmst⁴)
832 4077 1006 4146 Farlensis
1030 4101 1117 4146 nurnc
1139 4079 1295 4148 abbatiae
1324 4079 1502 4167 imperialis

408 4272 428 4341 ¹)
447 4271 572 4341 tlerbcrt,
590 4272 695 4329 Hister.
712 4273 785 4346 aiga.
803 4274 890 4332 silrse
907 4275 991 4346 (1188
1010 4275 1084 4347 typis
1103 4293 1126 4332 s.
1145 4275 1294 4347 Blasisuls)
1312 4276 1337 4348 1,
1358 4276 1418 4333 169.

405 4359 429 4430 ¹)
449 4361 585 4431 ltabillon,
604 4362 702 4419 Anasi.
720 4362 753 4420 0.
765 4363 792 4420 S.
805 4365 837 4421 11
855 4364 893 4435 11,
911 4363 975 4421 4118.

405 4450 429 4520 ⁸)
449 4450 587 4522 llsbillon,
604 4452 703 4508 Armet.
721 4450 754 4506 0.
765 4452 793 4508 S.
806 4453 838 4508 B.
856 4453 894 4523 Il,
911 4453 976 4509 408.

403 4538 427 4607 ⁴)
445 4539 554 4597 Videris
565 4541 972 4612 conspectarumonasteriomm
981 4542 1234 4615 Hirsanglenslnn:
1252 4543 1421 4603 Festschrift
1434 4561 1497 4603 sun

316 4625 607 4702 Eltbnndertjtbrigcn
623 4628 763 4686 lubrlttnm
781 4630 830 4686 des
849 4630 1006 4688 lteutschen
1024 4631 1126 4704 Campo
1144 4634 1230 4690 Snnto
1248 4633 1278 4690 in
1295 4632 1366 4691 11οω
1390 4649 1420 4704 p.
1442 4633 1503 4692 ns.
