3792 5375
858 522 1103 583 -148-

392 715 496 781 donce
528 712 726 782 absolvatur.
772 710 868 796 Quod
899 712 926 778 si
957 711 1145 797 persteterit
1172 710 1217 778 ad
1246 717 1351 777 totam
1380 710 1514 791 horam,
1545 710 1574 777 si

392 822 510 888 fratres·
536 818 669 885 flectunt
692 840 799 903 genua
822 841 920 906 super
943 819 1075 902 formas,
1104 819 1175 906 ipse
1198 817 1298 885 faciat
1321 839 1421 904 super
1442 816 1573 903 grados.

393 928 537 1015 Expleta
558 925 640 993 bora
661 924 811 992 discedat
834 924 957 1011 absque
977 924 1082 1010 jussu.

532 1125 649 1224 Culpa
675 1124 766 1199 leris
795 1123 858 1198 tali
886 1123 1086 1222 stringatur
1114 1124 1150 1198 in
1180 1123 1307 1198 ordine
1336 1122 1432 1205 facti.

478 1279 581 1351 XlV.
613 1281 759 1365 Fratres,
783 1282 838 1367 qui
853 1303 912 1366 pro
928 1281 991 1347 leri
1007 1281 1104 1366 culpa
1121 1280 1298 1347 secundum
1315 1280 1463 1365 regulam
1478 1300 1573 1366 sepa·

389 1399 505 1455 rantur
528 1412 548 1453 a
573 1410 694 1469 arcusa,
719 1389 765 1453 sic
781 1389 814 1454 iu
830 1389 973 1454 oratorio
989 1387 1206 1456 satisfaciant.
1238 1386 1322 1456 Cum
1338 1394 1415 1475 post
1429 1387 1572 1474 psalmo·

389 1497 476 1562 diam
493 1494 538 1561 ad
555 1517 667 1582 preces
683 1494 738 1562 alii
755 1516 790 1561 se
806 1494 975 1578 inclinant,
999 1493 1049 1561 rel
1064 1516 1171 1580 genua
1193 1493 1341 1573 flectunt,
1364 1500 1443 1561 ante
1466 1493 1572 1561 altare

391 1604 557 1668 senientes
588 1600 631 1668 ad
661 1601 783 1688 gratim
813 1624 848 1669 se
877 1610 1104 1689 prosternant,
1135 1602 1240 1669 donee
1269 1621 1385 1687 preces
1406 1609 1441 1668 et
1464 1601 1571 1668 oratio

390 1710 556 1775 riniautur.
587 1707 680 1776 Tunc
695 1717 866 1794 surgentes
881 1709 1079 1776 inclinentur
1094 1716 1170 1775 ante
1187 1716 1221 1776 et
1235 1718 1340 1794 retr03
1359 1709 1407 1775 sio
1422 1708 1573 1776 omnibus

388 1815 475 1881 nais
500 1815 634 1885 faciant
681 1813 717 1882 Si
741 1838 817 1882 rero
841 1816 1002 1883 festivitas
1025 1823 1201 1903 antequam
1224 1814 1439 1883 absolvantur
1457 1836 1572 1883 erene-

388 1923 447 2007 rit,
478 1945 500 1989 a
532 1943 669 2008 vespera
699 1945 802 2009 usque
832 1922 875 1990 ad
905 1923 1001 1990 aliam
1033 1944 1201 2010 vesperam
1230 1924 1319 1989 omui
1346 1922 1571 1990 communione

388 2028 547 2096 fratribus
577 2031 759 2096 socientur:
790 2029 912 2097 Missas
941 2030 1041 2096 etiam
1068 2030 1124 2117 qui
1154 2029 1345 2097 sacerdotes
1368 2028 1506 2111 fuerint,
1537 2037 1572 2097 et

387 2159 482 2204 omne
525 2137 613 2221 quod
648 2136 692 2204 ad
727 2137 891 2204 servitium
925 2138 979 2204 dei
1015 2139 1156 2225 pertinet
1193 2136 1384 2204 caelebrare
1420 2144 1570 2223 possunt

387 2242 506 2310 Nullus
541 2244 632 2329 prior
665 2245 759 2311 fratri
795 2245 862 2312 tale
892 2243 989 2313 debet
1015 2244 1174 2330 judicium
1210 2245 1377 2332 imponere
1412 2243 1571 2331 quamdin

235 2400 241 2412 .
288 2333 311 2403 ι’
387 2350 527 2417 domnus
557 2348 660 2418 abbas
690 2351 845 2418 fueritin
868 2353 1080 2437 monasterio,
1110 2351 1169 2419 sed
1193 2359 1228 2419 et
1251 2352 1278 2418 si
1302 2352 1571 2439 supervenerit,][

386 2457 516 2524 interim
545 2458 665 2543 poterit
695 2479 750 2526 eos
773 2481 833 2545 per
855 2480 907 2542 se,
937 2458 1128 2544 priusquam
1159 2459 1202 2527 ad
1227 2458 1383 2526 domnum
1413 2457 1570 2526 abbatem

386 2564 529 2649 cognitio
566 2586 687 2632 causae
724 2566 913 2652 perveniat,
954 2566 1043 2653 prior
1076 2565 1257 2634 absolvere.
1310 2563 1410 2652 Quod
1443 2565 1473 2631 ai
1503 2587 1571 2634 non

387 2668 501 2739 fecerit
523 2678 558 2739 et
579 2695 676 2740 unam
700 2694 810 2740 coram
834 2673 905 2761 ipso
922 2672 1051 2742 reniam
1067 2673 1210 2762 petierit,
1233 2679 1350 2760 postea
1366 2695 1432 2740 non
1447 2675 1572 2761 poterit

386 2800 442 2845 eos
465 2779 557 2864 prior
579 2767 756 2851 absolvere.
792 2780 959 2848 Infantem
983 2782 1092 2865 etiaru,
1115 2781 1173 2868 qui
1193 2781 1323 2848 steterit
1347 2787 1426 2847 ante
1449 2780 1569 2868 ipsum,

386 2907 450 2951 non
482 2884 581 2953 debet
611 2888 767 2972 uragister
802 2888 851 2956 rel
886 2888 1022 2976 aliquis,
1058 2886 1213 2975 quaurdin
1244 2888 1333 2955 intua
1366 2887 1440 2975 ipse
1471 2886 1571 2956 fuerit

386 2993 516 3058 mittere
540 2993 572 3059 in
592 2992 750 3079 judicium
769 2994 897 3081 jejunii.

474 3096 706 3187 Quoscumque
721 3123 840 3187 pueros
855 3102 1060 3188 magisteria
1069 3101 1195 3188 judicio
1208 3102 1343 3183 miserit,
1359 3103 1449 3188 prior
1460 3109 1572 3189 potest

386 3229 443 3272 eos
473 3199 644 3274 absolvere
675 3208 744 3276 sine
767 3209 897 3277 licentia
920 3208 1085 3296 magistri,
1116 3207 1226 3276 nullus
1248 3208 1348 3275 debet
1370 3208 1456 3276 aliua
1479 3211 1570 3296 quio·

386 3334 483 3399 apuam
508 3334 570 3380 nec
592 3314 733 3400 signum,
764 3337 826 3382 nee
847 3315 945 3382 ullam
969 3338 1037 3383 rem
1060 3315 1268 3401 praecipere,
1297 3314 1356 3382 sed
1379 3324 1492 3384 tamen
1513 3317 1571 3386 ille

386 3420 441 3506 qui
472 3428 564 3488 tenet
592 3421 723 3506 ordine,
755 3422 783 3488 si
814 3423 844 3490 ei
871 3423 975 3489 risum
999 3423 1098 3490 fuerit
1120 3430 1159 3489 ut
1180 3421 1411 3506 absolvantur,
1442 3423 1571 3511 signnm

386 3528 543 3611 magistro
558 3527 669 3608 faciut,
686 3536 722 3595 ut
737 3528 960 3599 absolvantur.
989 3528 1026 3598 Si
1042 3529 1180 3597 domnus
1195 3528 1302 3596 abbas
1316 3530 1421 3598 mittit
1434 3530 1571 3600 fratrem

386 3638 419 3703 in
436 3632 607 3720 judicium,
631 3635 657 3700 si
680 3636 786 3721 pergit
807 3637 927 3704 alicubi
942 3636 1137 3705 obliviscens
1145 3636 1170 3722 ¹)
1186 3658 1259 3704 eum
1275 3636 1457 3724 absolvere,
1479 3640 1574 3725 prior

386 3765 451 3810 noa
474 3741 564 3808 ralct
586 3740 754 3811 absolvere
777 3766 862 3814 eum.
907 3744 954 3811 Et
977 3766 1073 3832 quem
1096 3744 1186 3831 prior
1208 3745 1334 3812 miserit
1356 3745 1391 3813 in
1409 3745 1571 3831 judicium

386 3848 532 3917 ‹lecanus
560 3869 625 3915 non
655 3858 765 3936 potest
792 3850 961 3919 absolvere
985 3873 1075 3934 eum,
1105 3851 1168 3918 nisi
1191 3874 1368 3938 persuum
1391 3851 1570 3922 licentiam.

387 3954 507 4022 Frater
524 3955 663 4042 juvenis,
686 3957 713 4022 si
740 3958 857 4024 missus
879 3956 979 4024 fuerit
995 3958 1030 4024 in
1046 3958 1110 4024 leri
1125 3956 1233 4043 eulpa,
1257 3958 1313 4044 qui
1328 3979 1402 4024 eum
1419 3960 1574 4029 custodia

386 4063 492 4149 pergit
517 4060 651 4148 ubique,
681 4062 815 4149 ‹puando
838 4064 956 4131 fratres
980 4063 1171 4148 comedunt,
1202 4064 1273 4152 ipse
1296 4064 1396 4131 sitin
1420 4067 1572 4153 coquina.

387 4168 532 4256 blajores
548 4177 658 4234 auteur
675 4168 796 4238 fratres
812 4171 945 4238 atentia
962 4169 1132 4254 aecclesia,
1157 4169 1208 4237 rel
1223 4171 1257 4237 in
1273 4172 1418 4239 oratorio
1433 4181 1573 4243 sanctae

386 4270 521 4344 mariae.
568 4273 690 4342 Frater
718 4277 836 4344 missus
862 4278 896 4345 in
918 4278 1031 4345 leviori
1054 4276 1150 4364 culpa
1174 4277 1300 4364 aliquot
1323 4277 1456 4365 diebus,
1486 4280 1571 4350 siin

386 4381 466 4468 ipsis
489 4380 577 4449 iufra
600 4383 766 4450 evenerint
789 4382 961 4451 duodecim
984 4383 1152 4467 lectiones,
1175 4384 1209 4451 in
1229 4384 1350 4471 vigilia,
1374 4392 1412 4453 nt
1426 4388 1573 4456 sonuerit

387 4488 478 4555 scilla
502 4487 546 4555 ad
568 4510 739 4577 resperas,
770 4492 833 4558 erit
856 4491 1035 4560 absolutus.
1081 4490 1167 4558 Post
1187 4512 1360 4578 resperas,
1390 4493 1574 4582 aiterupua

477 4683 634 4752 ‘tam
