3792 5375
837 580 1080 643 -198-

498 778 614 851 Extra
642 777 760 851 locum
791 775 911 850 lintris
941 774 1103 848 defuncti
1130 774 1289 848 cernitur
1316 797 1416 851 usus.

451 934 566 1002 LVII.
587 932 670 1000 Cum
683 934 802 1018 aliquis
815 932 917 998 frater
928 938 1060 997 nostrae
1072 931 1331 1016 congregationis
1341 914 1379 996 in
1395 928 1460 996 alio
1475 928 1547 997 loco

362 1040 492 1122 tinien't,
517 1042 628 1106 statim
652 1039 786 1127 quondo
809 1039 942 1105 nuntius
966 1037 1091 1103 rouerit
1113 1036 1211 1103 debet
1234 1038 1323 1121 prior
1350 1058 1468 1103 sonare
1499 1043 1547 1103 ts·

361 1147 490 1224 bulum,
521 1149 547 1213 si
571 1146 647 1213 talis
671 1146 754 1212 nora
778 1145 892 1227 luerit,
924 1166 990 1228 qua
1019 1144 1192 1209 convenire
1215 1143 1350 1228 possint.
1398 1141 1435 1210 Si
1456 1151 1546 1229 post·

361 1276 458 1339 cluam
484 1255 589 1341 prima
612 1253 710 1319 suerit
734 1254 866 1338 incepta
890 1252 1030 1331 venerit,
1062 1249 1152 1316 dicto
1174 1251 1281 1335 prime
1304 1258 1338 1317 et
1360 1250 1546 1316 matutinali

360 1362 462 1427 misso
483 1360 526 1428 ml
551 1359 730 1445 capitulum
755 1355 957 1426 venientibus
981 1355 1129 1423 omnibus
1153 1356 1197 1423 ibi
1221 1357 1401 1438 nuntiatur,
1424 1362 1546 1423 etcum

359 1467 437 1534 iude
461 1467 663 1534 surrexerint
686 1466 798 1533 statim
822 1464 961 1533 orricium
977 1486 1037 1550 pro
1053 1463 1208 1531 defuncto
1224 1463 1431 1550 pulsantistll
1446 1464 1563 1548 signis

361 1574 493 1641 iaciunt
548 1573 583 1641 Si
615 1573 658 1640 nd
693 1572 901 1641 refectorium
937 1572 1014 1638 ituri
1044 1579 1120 1637 sunt
1150 1578 1184 1637 ct
1215 1578 1391 1657 antequam
1427 1570 1546 1657 squillo

359 1689 467 1763 sonet,
502 1682 593 1766 prior
621 1680 722 1747 brere
752 1679 934 1766 acceperit,
971 1685 1148 1765 antequam
1181 1667 1379 1759 uroirdurent
1413 1677 1545 1764 pulsnts

359 1787 472 1855 tabula
496 1788 637 1855 officium
663 1787 798 1857 saciant.
845 1785 880 1854 si
904 1794 980 1872 post
1010 1784 1117 1851 cibum
1146 1787 1272 1852 venerit
1301 1792 1335 1852 et
1364 1784 1546 1852 meridiane

357 1916 423 1960 nou
447 1902 525 1961 sunt
549 1894 678 1978 agenda
702 1893 860 1961 frutribus
883 1894 994 1959 statim
1026 1892 1085 1958 fiat
1113 1900 1146 1959 et
1176 1893 1404 1973 servitoribus,
1433 1898 1471 1959 ut
1493 1914 1544 1958 re·

358 2008 524 2082 innuerint,
548 2000 713 2067 licentiam
738 2000 848 2069 donet.
895 1997 931 2066 Si
955 2021 1031 2066 vero
1054 1997 1269 2066 meridianam
1292 1998 1414 2066 debent
1436 2020 1543 2086 cgere,

358 2115 390 2174 et
413 2114 489 2193 post
512 2129 633 2174 nonam
657 2108 790 2194 pulsata
813 2107 910 2174 suerit
935 2106 1060 2188 tabula,
1085 2105 1174 2173 dicto
1193 2128 1288 2173 versu
1311 2105 1452 2173 officium
1475 2106 1544 2190 fist,
1586 2103 1589 2109 ’
1664 2132 1666 2136 ’

357 2222 390 2281 et
414 2216 470 2301 qui
494 2215 567 2301 ipsa
590 2214 643 2282 die
666 2222 743 2300 post
766 2236 919 2301 resperas
942 2213 1082 2280 officium
1105 2213 1209 2280 solent
1233 2235 1339 2299 agere,
1364 2222 1543 2296 remanent,

357 2322 385 2387 si
408 2321 494 2388 sltcr
517 2322 650 2388 nuntius
673 2344 739 2388 non
764 2322 891 2406 reuist3
916 2320 975 2387 sed
998 2321 1026 2386 si
1048 2327 1126 2388 onte
1150 2343 1268 2388 nonam
1291 2320 1416 2387 lactum
1446 2320 1544 2389 luerit

355 2435 491 2527 propter
513 2428 576 2496 lroc
599 2428 693 2513 quoti
711 2426 843 2495 solitum
866 2435 916 2494 est
940 2449 1005 2495 uon
1027 2427 1219 2495 remanebit

498 2653 598 2730 Talis
625 2654 664 2730 in
693 2655 820 2754 requio
849 2640 1002 2730 fratrum
1030 2653 1275 2731 celebrabitur
1302 2680 1402 2738 usus.

446 2837 580 2910 LVIII.
616 2838 653 2908 Si
676 2839 798 2927 aliquis

356 2969 396 3014 ex
413 2946 593 3031 monachis,
616 2948 674 3033 qui
693 2946 867 3033 subjacent
881 2948 1003 3014 uostris
1018 2946 1111 3033 locis,
1136 2946 1343 3034 defuuogitur
1358 2947 1407 3036 (l),
1424 2955 1544 3016 ettam

356 3053 452 3139 longe
475 3053 572 3138 positi
596 3061 689 3136 sunt,
720 3054 809 3141 quod
840 3053 883 3120 sd
914 3056 1149 3122 monasterium
1178 3056 1309 3123 omnino
1332 3054 1454 3123 deferri
1477 3078 1543 3124 nou

356 3161 477 3241 volent,
502 3170 580 3228 tunc
603 3160 650 3227 illi
675 3161 805 3246 frat-res,
830 3161 941 3249 quiin
966 3163 1037 3249 ipso
1060 3162 1134 3229 loco
1157 3163 1181 3251 ][
1204 3163 1395 3246 consistunt,
1418 3161 1543 3231 lecisnt

355 3290 416 3354 per
438 3267 548 3334 omnio
570 3268 668 3334 sicuti
698 3269 733 3336 iu
757 3270 958 3337 monasterio
982 3270 1098 3354 mojori
1122 3271 1249 3338 noviter
1275 3270 1440 3338 defunctis
1463 3292 1543 3340 usus

355 3383 406 3442 est
437 3395 552 3460 cgere,
587 3383 621 3441 et
656 3398 730 3442 cum
760 3376 889 3464 legatus
921 3376 965 3442 sd
995 3376 1187 3444 coenobium
1217 3376 1384 3446 devenerit
1416 3377 1543 3446 fociant

354 3505 415 3569 pro
439 3504 478 3549 eo
501 3482 632 3567 plenum
656 3481 798 3549 ollicium
821 3490 947 3569 septem
971 3482 1104 3568 dicbus3
1133 3485 1226 3570 signs
1247 3507 1314 3553 non
1337 3484 1544 3554 sonabuntur

330 3586 416 3656 'uisi
427 3589 454 3677 ¹)
477 3589 511 3654 iu
534 3588 601 3671 illo,
636 3590 693 3675 qui
726 3590 761 3656 in
797 3590 909 3677 primis
944 3590 1167 3673 caelebratur,
1202 3600 1235 3658 et
1267 3592 1404 3677 triginta
1426 3591 1542 3661 (liebus

355 3696 453 3763 detur
483 3695 630 3780 justitia,
668 3717 796 3764 necnon
833 3703 867 3764 et
902 3698 983 3764 Vocc
1022 3721 1105 3778 rura,
1116 3698 1143 3786 ¹)
1178 3706 1210 3766 et
1246 3699 1390 3787 quinque
1423 3699 1542 3785 psalmi

354 3811 531 3869 cantentur
553 3825 613 3888 pro
637 3802 705 3887 illo,
730 3812 763 3870 et
779 3804 812 3870 iu
829 3803 958 3890 Regulo
974 3811 1073 3891 atque
1089 3805 1122 3871 in
1139 3805 1223 3872 libro
1238 3807 1324 3875 ritse
1345 3806 1540 3878 scribentur.

355 3907 513 3976 Similiter
543 3909 662 3977 debent
692 3932 790 3995 agere
820 3910 972 3978 omnibus
1001 3910 1082 3980 locis
1111 3913 1359 3999 respicientibus
1393 3913 1436 3981 sd
1470 3895 1541 3987 uos.¹

354 4016 399 4081 Et
425 4016 451 4083 si
476 4016 509 4081 in
533 4016 589 4084 illo
612 4016 686 4084 loco
709 4019 900 4085 sacerdotes
916 4019 1000 4085 tunti
1017 4040 1082 4085 non
1098 4018 1271 4104 habentur,
1295 4020 1352 4088 ubi
1367 4020 1421 4089 ille
1436 4020 1542 4090 l'rnter

354 4121 528 4189 defunctus
564 4123 672 4208 luerit,
708 4126 764 4210 qui
791 4127 909 4191 missas
940 4124 1096 4213 impleant
1131 4128 1267 4213 triginta
1299 4127 1443 4212 dierum,
1475 4151 1542 4198 rno-

354 4229 547 4296 uasten'ales
570 4230 692 4298 lrntres
714 4229 852 4300 facicm.
1471 4214 1480 4227 ³

444 4336 540 4406 Item.
587 4337 639 4404 De
662 4337 727 4406 illis
750 4338 929 4423 monacbis,
954 4340 1009 4425 qui
1027 4338 1154 4408 habeut
1167 4339 1288 4409 lnctmn
1304 4342 1541 4429 professionem

354 4444 388 4509 in
411 4443 482 4529 ipso
513 4443 586 4511 loeo
616 4443 671 4511 ubi
702 4445 835 4531 (legunt
881 4445 1002 4514 Nullus
1036 4468 1053 4513 e
1088 4446 1248 4516 fratribus
1282 4447 1381 4517 (lebet
1414 4450 1463 4518 ire
1497 4451 1540 4519 sd

354 4549 574 4617 confitendum
598 4551 628 4617 ei
644 4573 704 4619 sus
720 4552 879 4634 foc-inore,
903 4574 964 4619 uec
981 4551 1024 4619 ad
1039 4553 1142 4621 ullum
1157 4555 1274 4623 laicum
1291 4556 1359 4624 sire
1375 4555 1541 4628 clericum.

354 4677 569 4690 uum—-

444 4744 601 4816 ‚m
