3792 5375
831 429 1034 490 ..3.-

344 624 574 708 redemptionis
596 633 737 688 restrae.
782 618 840 686 Ad
864 605 1005 705 primam
1027 617 1220 704 antiphona,
1246 621 1436 706 Antequam
1459 638 1530 684 corr·

345 732 499 796 venderet.
548 725 603 792 Ad
628 725 740 809 Illo,
772 725 872 793 i'Ium
899 734 933 793 et
956 725 1122 794 vnum
1146 723 1301 791 dicantur
1323 723 1420 807 aliae,
1445 743 1530 808 quae

345 825 547 901 conueniunt
594 833 685 899 Ante
708 833 841 899 tertiam
863 832 1038 899 decoretur
1060 837 1167 898 totum
1189 830 1425 898 monasterinm
1455 850 1529 896 cum

345 941 412 1006 suis
434 939 635 1007 ornamentis
659 938 706 1005 sic
727 960 786 1024 per
806 937 962 1006 ordinem.
987 937 1120 1004 Famuli
1139 943 1372 1024 procuratores
1387 937 1529 1005 nemoris

345 1053 497 1130 coaptent
520 1045 665 1112 cortinas
688 1045 808 1125 lineas,
839 1052 986 1111 sartores
1010 1045 1093 1110 alias
1116 1044 1262 1111 cortinas
1284 1044 1411 1112 laneas.
1455 1042 1529 1111 blo·

343 1152 439 1219 nachi
471 1153 573 1238 pallia
602 1159 701 1238 atque
723 1158 835 1218 textus
867 1151 1037 1237 evangelii,
1071 1173 1198 1217 necnon
1230 1158 1263 1217 et
1291 1150 1412 1217 altaria
1434 1149 1529 1218 ador·

344 1268 462 1326 nentur
492 1267 525 1326 et
548 1258 666 1326 chorus
696 1264 796 1344 atquo
820 1258 1000 1344 capitulum
1031 1264 1065 1324 et
1087 1279 1186 1345 super
1210 1256 1370 1324 formulas
1392 1258 1529 1345 tapetia.

345 1365 432 1432 Nam
456 1387 529 1432 curu
552 1363 746 1432 ordinantur
768 1362 1016 1453 phi][lacteriae
1040 1364 1224 1432 vestiantur
1246 1363 1312 1430 duo
1335 1385 1376 1431 ex
1398 1363 1480 1449 ipsis
1496 1365 1529 1430 in

345 1471 438 1543 albis.
484 1471 703 1538 Refectorarii
738 1471 903 1556 accipiant
925 1469 1089 1554 bancalia,
1126 1492 1211 1556 quae
1241 1476 1438 1555 coaptentur
1470 1491 1530 1556 per

344 1579 452 1646 omnia
486 1577 602 1644 sedilia
635 1577 744 1645 scillas
778 1585 954 1662 argenteas
988 1586 1088 1662 atque
1123 1577 1283 1643 mantilia
1331 1575 1398 1643 Per
1431 1575 1530 1643 horas

343 1685 431 1752 dicat
454 1684 610 1752 sacerdos
634 1685 800 1751 orationes
824 1681 865 1751 de
888 1683 1044 1754 adventu.
1092 1683 1149 1752 Ad
1173 1684 1306 1752 tertiam
1331 1689 1433 1769 agant
1454 1683 1529 1749 mis·
1561 1764 1564 1772 Ι

345 1813 413 1857 saun
437 1798 639 1859 mortuorum
663 1792 748 1857 sicut
770 1790 858 1858 soliti
881 1799 968 1858 sunt.
1016 1789 1153 1877 Signum
1176 1789 1316 1877 capituli
1340 1789 1465 1856 diutius
1480 1797 1530 1857 est

344 1897 542 1980 sonandum,
566 1905 603 1965 nt
625 1898 752 1965 cunctis
775 1897 1047 1982 occupationibus
1070 1897 1313 1984 praetermissis
1335 1897 1379 1964 ad
1402 1896 1530 1963 initium

344 2027 455 2073 ornnes
478 2005 685 2088 conveniant,
709 2010 744 2071 ut
768 2026 842 2071 enm
865 2003 990 2071 Christi
1007 2003 1130 2071 domini
1154 2004 1260 2072 nostri
1283 2004 1441 2071 nativitas
1455 2025 1530 2090 pro·

344 2112 513 2179 nuntiatur
534 2116 787 2199 prosternantur
809 2133 923 2179 omncs
947 2112 981 2177 in
1004 2118 1127 2178 terram
1151 2118 1269 2178 contra
1290 2109 1463 2191 lectorem,
1498 2117 1533 2177 et

343 2218 413 2304 ipse
435 2226 623 2305 prostratus
640 2218 754 2304 jaceat
776 2224 810 2285 et
833 2224 913 2285 tuuc
936 2239 1020 2285 unus
1044 2218 1183 2304 quisque
1217 2217 1322 2308 [dicat
1344 2222 1453 2285 urente
1476 2215 1532 2283 de·

344 2331 429 2407 vota,
452 2329 563 2394 Pater
576 2339 696 2396 noster.
734 2329 829 2393 Deus
845 2330 1045 2393 misereatur
1060 2329 1164 2393 trabis.
1211 2323 1342 2407 Oratio,
1365 2328 1461 2393 Deus
1476 2328 1537 2410 qui

343 2433 384 2498 de
412 2435 528 2501 beatae
557 2434 693 2501 lilariae
719 2434 865 2520 virginis
895 2446 987 2501 utero
1019 2433 1158 2500 verbum
1188 2444 1281 2500 terum
1309 2435 1430 2521 angelo
1452 2456 1533 2499 nntr-

344 2537 469 2629 tiana}
479 2538 508 2626 ¹)
558 2536 717 2606 Oratione
747 2538 838 2606 sacta
863 2538 995 2624 legatur
1026 2538 1127 2606 lectio
1157 2559 1198 2606 ex
1232 2533 1420 2625 evangelio,
1458 2546 1534 2627 post

344 2652 469 2713 sextam
493 2667 567 2713 cum
590 2646 659 2713 risa
688 2644 786 2713 luerit
814 2645 913 2729 hora,
942 2651 1054 2714 custos
1084 2644 1245 2715 ecclesiae
1273 2652 1372 2714 sonat
1394 2646 1533 2733 signnm,

345 2751 449 2821 donec
478 2754 671 2820 conveniant
701 2774 813 2819 omnes
843 2751 964 2820 fratres
993 2754 1027 2819 in
1051 2753 1225 2821 ecclesiam
1259 2760 1293 2819 et
1319 2736 1535 2820 communiter

344 2866 449 2927 orent.
495 2859 603 2926 Facta
625 2861 772 2927 oratioue
795 2859 977 2926 indnuntur
999 2858 1144 2927 infantes
1167 2859 1266 2940 albis,
1297 2880 1382 2926 nnus
1403 2864 1534 2926 mutum

345 2988 385 3033 ex
408 2965 599 3033 cantoribus
628 2966 662 3032 iu
685 2966 786 3033 choro
816 2987 890 3033 cum
921 2988 1048 3054 cappa3
1088 2969 1182 3053 signa
1213 2967 1325 3034 omnia
1352 2965 1534 3053 pulsentur.

346 3071 510 3141 Sacerdos
533 3073 690 3141 vestiatur
712 3073 796 3140 sieut
812 3074 845 3139 in
862 3072 978 3142 diebus
994 3074 1097 3158 iestis,
1122 3074 1282 3141 diaconus
1298 3073 1332 3140 in
1345 3072 1534 3156 dalmatica,

345 3178 412 3247 duo
434 3179 627 3247 subdiaconi
650 3179 780 3261 tunicis,
804 3201 889 3247 unns
913 3180 957 3248 ad
980 3164 1188 3268 prophetiam
1203 3180 1289 3247 alter
1304 3178 1534 3267 etepistolam.
1606 3172 1610 3178 ’

346 3284 428 3353 Tres
451 3288 642 3369 servitores,
671 3309 756 3354 unus
779 3286 823 3355 ad
847 3285 1035 3370 turibulum,
1060 3287 1125 3356 dno
1148 3293 1369 3375 preparentur
1391 3286 1434 3353 ad
1458 3307 1535 3353 can·

346 3391 493 3462 delubra.
540 3394 617 3461 Duo
640 3392 775 3475 iratres,
809 3415 894 3479 quae
925 3401 1061 3462 cantent
1083 3394 1328 3481 responsorium
1357 3393 1392 3460 in
1419 3393 1535 3479 cappis

346 3506 380 3566 et
413 3500 446 3566 in
484 3500 556 3585 ipso
590 3499 793 3568 solummodo
832 3501 1041 3586 responsorio
1080 3501 1307 3568 concludatur.
1370 3500 1536 3567 Laetania

347 3626 413 3672 nou
437 3606 577 3673 canitur.
617 3605 776 3693 Quinque
799 3604 935 3674 candele
958 3614 1036 3674 ante
1060 3607 1167 3675 altare
1190 3606 1342 3678 ardeant
1386 3605 1444 3674 Ad
1459 3608 1535 3674 ruis·

347 3733 417 3779 sam
440 3711 529 3779 solus
552 3712 643 3799 prior
665 3720 733 3779 tres
755 3713 882 3782 hostias
906 3713 1035 3782 offerat.
1082 3714 1140 3781 Ad
1164 3736 1324 3782 canonem
1347 3735 1448 3801 snper
1470 3714 1551 3781 lor·.

347 3818 452 3886 mulas
475 3819 704 3900 conlocentur,
739 3842 822 3887 unns
845 3841 961 3906 pacem
984 3822 1138 3908 accipiat.
1184 3820 1322 3890 Oblatio
1345 3819 1536 3889 dabitnrin

350 3924 524 3992 refectorio
547 3933 583 3993 et
604 3926 796 4011 pietantiam
812 3925 960 3993 habeant
974 3948 1015 3993 ex
1031 3928 1198 4013 pisciculis
1214 3930 1384 4014 optimam
1409 3928 1536 3995 Panem
1637 4010 1639 4014 y

349 4037 380 4097 et
404 4032 514 4098 vinum
538 4031 580 4099 de
603 4031 741 4116 tabulis,
776 4032 865 4119 qnod
895 4032 1052 4100 iratribus
1074 4034 1269 4102 remanserit
1299 4040 1334 4101 et
1355 4034 1535 4120 helemosy-

348 4138 461 4204 narius
484 4144 603 4204 sumat.
649 4138 706 4205 Ad
729 4160 898 4225 uesperam
929 4147 1008 4206 sunt
1035 4139 1160 4207 XIIclm
1195 4140 1283 4207 cerei
1310 4145 1389 4206 ante
1418 4139 1535 4208 altare.

350 4243 453 4310 Retro
477 4242 591 4311 decern
614 4252 647 4311 et
670 4245 811 4332 ‹prinqne
834 4244 1006 4331 columpne
1036 4266 1204 4315 cereorum
1233 4265 1394 4312 accensae
1420 4252 1455 4314 et
1476 4265 1537 4331 per

439 4491 462 4559 ¹)
475 4492 563 4548 Totus
579 4492 622 4549 hic
630 4493 706 4550 locos
719 4493 747 4564 1]
762 4492 790 4548 ln
803 4492 927 4564 margine
939 4491 1052 4563 legitur,
1065 4491 1094 4549 in
1107 4497 1187 4551 textu
1200 4509 1266 4550 rem
1278 4489 1432 4549 cancellata
1443 4489 1536 4550 verbe.

349 4586 430 4649 prout
449 4579 576 4639 doninus
594 4580 699 4639 dederit
717 4581 869 4638 orationem
887 4579 983 4652 lactat,
1000 4582 1142 4653 leuantur.
