3792 5375
731 396 977 459 -191-

260 592 345 657 sicut
367 600 441 656 sunt
466 590 602 675 priores.
636 587 785 675 Cumque
809 587 854 655 ni
876 586 997 653 inerint
1023 588 1163 673 primum
1178 586 1270 654 dicat
1286 584 1452 669 sacerdos,

263 702 338 764 Pax
360 700 437 764 lraic
459 701 582 779 elatrent)
608 694 828 781 respondeant
852 694 986 776 caeteri,
1010 698 1126 763 Anren.
1162 696 1328 763 Dominus
1349 694 1453 761 euobis·

261 829 344 874 cnm.
391 807 436 871 E!
464 827 539 869 cnm
568 806 691 890 spiritu
720 818 785 869 nen.
831 800 927 869 Tunc
956 800 1059 867 saciat
1082 801 1252 868 incensum
1274 810 1309 869 et
1332 822 1453 888 aquam

261 921 420 977 sanctam.
451 908 584 977 Oratio:
611 912 819 997 Omnipotens
842 911 1041 997 sempiterne
1056 912 1150 977 Dens
1173 913 1307 996 quipee
1322 911 1452 976 beatum

261 1021 442 1105 apostolam
473 1032 565 1085 tunm
589 1020 720 1085 dixisti.
767 1016 847 1082 Post
871 1015 959 1082 hane
983 1017 1165 1083 orationem
1189 1017 1296 1082 omnis
1318 1036 1453 1100 congre·

261 1127 351 1211 gatio
374 1124 519 1210 psalmos
542 1124 601 1191 hos
626 1122 818 1191 decantent:
855 1121 1019 1190 Videlicet
1045 1132 1171 1209 septem
1195 1122 1354 1209 speciales
1378 1143 1454 1190 cum

262 1231 449 1317 antiphonis
480 1231 692 1317 sequentibus
715 1254 775 1316 per
798 1252 1061 1317 unumquemque
1085 1231 1182 1297 sicuti
1205 1232 1239 1296 in
1262 1229 1454 1298 collectario

262 1348 336 1406 sumt
368 1340 497 1421 inserte,
529 1340 585 1424 qui
616 1351 726 1405 tamen
757 1338 926 1405 moderate
956 1338 1077 1421 omnin,
1108 1359 1193 1423 quae
1222 1337 1341 1404 dicturi
1364 1346 1453 1416 sunt,

262 1446 383 1528 dicunt,
409 1457 442 1513 ut
459 1447 614 1514 sacerdos
631 1452 760 1528 cuncta,
784 1466 868 1531 (purae
885 1444 984 1511 debet
1001 1466 1111 1529 agere,
1128 1443 1305 1530 tranquille
1321 1443 1454 1530 explere

261 1561 379 1639 queat3
403 1554 603 1621 atstantibus
626 1575 686 1638 per
708 1552 854 1618 ordinem
878 1550 1155 1636 quemadmodum
1177 1552 1214 1617 in
1236 1551 1349 1618 clsoro.
1395 1551 1454 1618 In·

262 1661 368 1727 santes
384 1684 456 1727 cuni
474 1660 639 1746 magistris
655 1661 702 1726 ita
718 1666 873 1725 maneant
890 1658 990 1724 veluti
1006 1680 1077 1725 mos
1094 1669 1144 1725 est
1157 1658 1200 1725 ad
1211 1658 1454 1745 processionem

263 1790 342 1853 prae
371 1770 440 1852 regi
476 1778 597 1839 astare.
645 1765 808 1834 Sacerdos
842 1773 954 1833 atatem
984 1766 1119 1852 incipiat
1143 1787 1266 1851 ungere
1288 1764 1455 1833 infirmum

262 1876 420 1961 imprimis
445 1877 541 1955 risus,
566 1875 633 1941 sire
656 1883 782 1942 ceteros
806 1895 921 1940 sensus
937 1874 1095 1958 corporis,
1119 1880 1154 1941 et
1169 1872 1258 1940 dicat
1273 1872 1455 1961 repetendo

262 2005 321 2068 per
351 2004 630 2069 unumquemque,
662 1985 731 2049 Per
760 1983 860 2049 istam
884 1984 1068 2048 erectionem
1093 1994 1125 2048 e!
1146 2005 1243 2048 snam
1260 1983 1453 2069 pinsitum

261 2093 529 2157 misericordiam
562 2091 738 2173 indulgeat
766 2091 828 2155 eibi
855 2091 1009 2155 dornr'nus
1040 2092 1184 2176 quitqnit
1210 2090 1363 2177 peccasti
1387 2102 1456 2176 per

262 2200 378 2266 nisum.
415 2198 582 2263 Perrmcto
606 2194 746 2281 denique
770 2195 898 2261 urfirmo
921 2193 1009 2260 laret
1032 2194 1207 2282 presbyter
1229 2216 1346 2262 manua
1365 2218 1454 2277 suas,

262 2313 296 2370 et
326 2311 404 2372 tunc
433 2312 629 2389 procurator
659 2303 780 2369 infirmi
811 2302 954 2388 accipiat
983 2302 1091 2387 ipsam
1114 2299 1334 2384 ablutionem,
1364 2310 1398 2370 ct
1419 2303 1455 2370 in

263 2413 369 2498 ignem
392 2413 555 2498 projiciat,
580 2419 614 2478 et
637 2410 714 2477 dein
731 2409 828 2477 tollat
843 2430 900 2475 ras
916 2416 952 2475 et
966 2407 1057 2475 lacet
1071 2430 1109 2476 os
1117 2409 1143 2493 ¹)
1159 2408 1279 2477 infirmi
1294 2416 1330 2478 et
1343 2409 1456 2478 mitat

262 2521 296 2586 in
318 2518 476 2586 infusorio
500 2519 679 2586 aecclesiae
701 2519 816 2585 autin
839 2517 958 2586 focum.

352 2626 441 2693 Dum
479 2626 541 2694 hoc
579 2633 755 2713 patrantur
792 2624 947 2694 sacerdos
985 2647 1061 2692 curn
1101 2631 1260 2714 quattuor
1290 2625 1455 2694 eonversis

262 2742 378 2819 pergat
400 2735 434 2800 in
457 2734 631 2801 ecclesiam
655 2742 689 2800 et
710 2734 808 2800 tollat
830 2733 907 2800 inde
930 2756 1052 2821 corpus
1073 2732 1197 2801 domini
1219 2741 1254 2801 et
1275 2733 1412 2802 calicem
1426 2732 1454 2822 ][

262 2841 404 2926 desuper
418 2849 569 2926 opertum
584 2841 750 2927 mappula,
767 2849 801 2906 et
817 2841 881 2908 duo
897 2842 1048 2909 conuersi
1060 2841 1229 2927 accipiant
1241 2840 1453 2926 candelabra,

262 2948 378 3015 tertius
412 2947 592 3015 turibulum
626 2955 661 3016 et
693 2957 832 3035 quartus
867 2947 1046 3035 ampullam
1079 2969 1152 3015 cnm
1182 2948 1276 3033 rino,
1310 2955 1346 3016 et
1374 2956 1455 3016 tunc

262 3058 396 3123 ueniant
417 3056 478 3123 hos
509 3057 654 3143 psalmos
683 3055 906 3139 decantando,
937 3059 1105 3124 Miserere
1126 3060 1195 3124 mei
1214 3059 1320 3125 Deus.
1361 3058 1456 3124 Deus

262 3171 297 3232 in
320 3172 448 3232 erotniue
461 3179 526 3232 tuo.
564 3168 658 3232 Dens
681 3167 890 3232 irrisereatnr.
936 3166 1032 3230 Deus
1055 3167 1091 3231 in
1112 3167 1330 3250 aely'utore'um.
1368 3159 1455 3230 Cum

263 3270 393 3337 domum
417 3273 541 3337 intrare
565 3272 734 3357 caeperint
756 3293 869 3338 omnes
892 3269 1028 3337 flectant
1050 3292 1161 3357 genua
1183 3278 1301 3338 contu
1316 3270 1453 3338 domini·

263 3400 336 3444 curn
360 3400 478 3462 corpus
500 3379 600 3443 etiam
624 3378 695 3462 ipse
718 3377 867 3444 infirmus
889 3378 924 3443 in
948 3383 1109 3463 quantum
1133 3400 1169 3444 se
1199 3377 1289 3445 ualet
1318 3378 1454 3465 erigere,

263 3492 297 3551 et
326 3492 406 3553 tunc
435 3484 653 3551 communicet
684 3506 775 3563 enm,
806 3507 846 3552 ac
874 3484 1056 3570 profundat
1072 3484 1224 3569 ‘digitum
1254 3507 1351 3552 snum
1380 3506 1455 3552 cnm

263 3593 348 3658 uino.
385 3592 538 3658 Psalmos
554 3591 694 3678 denique
710 3592 868 3677 expletos,
893 3592 1008 3658 dicant
1023 3595 1130 3676 syrie
1143 3595 1275 3663 eler'son.
1312 3594 1454 3662 Clare'ste.

262 3701 376 3781 lsjer'e.
428 3702 535 3766 Pater
568 3715 687 3766 noster.
740 3698 914 3785 Capitula:
954 3684 1095 3768 Ostende
1133 3701 1236 3770 nobe‘s.
1291 3702 1391 3768 Mitte
1423 3703 1458 3768 ei

261 3808 423 3872 dominns.
452 3808 740 3894 Nicln'lpreficint
749 3809 914 3875 inr'mrcus.
942 3809 1025 3874 Esto
1040 3810 1073 3873 ei
1085 3808 1218 3874 doerrine
1231 3808 1342 3874 turris
1350 3809 1455 3893 sorti·

261 3916 397 3994 tirannis,
422 3918 457 3979 et
478 3912 565 3980 hanc
588 3915 785 3980 orationem:
810 3917 912 3998 Dens,
936 3915 997 4001 qui
1012 3916 1154 3999 sarrenlo
1175 3927 1232 3981 tuo
1253 3916 1396 3994 eccclesia,
1419 3921 1455 3981 et

261 4019 363 4102 alias,
394 4042 479 4105 quac
512 4030 703 4108 sequuntur.
751 4021 834 4087 Post
865 4019 927 4086 laec
957 4020 1143 4088 ossculetur
1171 4018 1276 4086 isdem
1305 4020 1455 4087 infirmus
1511 4099 1517 4110 Ι

262 4148 389 4193 crucem
419 4137 520 4213 atque
549 4150 663 4194 ornnes
692 4128 828 4211 fratres,
859 4127 995 4210 etiam¹)
1020 4126 1173 4194 infantes
1219 4125 1286 4194 His
1316 4126 1455 4214 expletis

261 4234 397 4319 incipiat
417 4234 521 4301 abbas
536 4234 710 4320 psalmum,
734 4238 899 4304 slliscrere
914 4239 983 4303 mei
996 4238 1099 4318 Dens,
1124 4240 1159 4301 et
1174 4234 1221 4300 sic
1243 4256 1357 4303 omnes
1379 4257 1455 4303 cnm

262 4341 390 4407 silentio
413 4340 581 4411 recedant

352 4573 374 4646 ι)
393 4573 509 4629 msera
