3792 5375
788 486 1037 551 -lol-

314 683 508 747 secretarius
532 680 629 747 ‹lcbct
653 680 781 747 scillam
809 681 961 767 pulsare,
985 682 1012 746 si
1040 679 1091 746 bis
1116 681 1328 748 commentari
1345 688 1431 750 suot
1465 679 1504 750 si

314 785 433 872 aliquis
461 809 500 853 er
531 786 712 853 insontibus
744 809 811 856 non
843 787 942 854 suerit
972 809 1083 869 rasus,
1112 786 1294 872 procedant
1323 789 1358 854 in
1381 787 1505 856 scolam

314 903 345 959 et
378 893 422 959 ibi
458 891 591 959 saciant.
651 894 739 961 Natu
776 896 803 961 si
839 916 880 960 ex
916 892 1074 960 iratribus
1109 893 1207 961 alicui
1239 895 1431 979 contigerit,
1466 901 1505 962 ut

315 999 485 1065 inchoatus
516 998 614 1066 luerit
643 999 686 1066 ad
712 1000 893 1067 radendum
917 1007 951 1067 et
975 1001 1101 1086 signum
1132 1001 1329 1084 insonuerit,
1359 1001 1506 1069 dimittat

314 1130 395 1191 orsus
418 1106 490 1186 boc,
521 1115 631 1191 surgat
657 1116 691 1173 et
715 1107 831 1173 induat
857 1105 1020 1173 cucullam
1044 1113 1079 1173 et
1100 1114 1156 1173 eat
1178 1107 1381 1192 aecclesiam,
1405 1114 1440 1176 et
1461 1109 1506 1176 sit

314 1226 407 1279 extra
431 1212 577 1283 eborum.
624 1213 708 1280 Cum
733 1214 817 1280 liora
847 1213 1008 1301 explellta
1030 1212 1148 1294 luerit,
1178 1221 1374 1295 revertatur,
1405 1223 1505 1302 atque

314 1320 411 1387 radat
435 1342 479 1389 se.
527 1320 710 1407 Postquam
736 1320 806 1388 dies
831 1321 884 1386 ille
908 1321 1087 1404 traruierit,
1110 1342 1270 1408 nusquam
1292 1321 1378 1389 ullus
1402 1322 1505 1390 locist

314 1430 383 1494 siue
407 1426 540 1494 licentia
564 1426 706 1515 aliquam
724 1429 997 1497 tonsurationeur.
1037 1427 1138 1494 Pueri
1160 1450 1237 1495 raro
1260 1427 1339 1496 lvo
1364 1429 1449 1497 seria
1469 1438 1505 1497 et

314 1533 453 1601 sabbato
476 1542 614 1620 possunt
638 1557 673 1600 se
698 1533 836 1601 tondere
860 1536 894 1599 in
918 1534 1019 1603 scola
1065 1533 1144 1602 Sine
1167 1556 1229 1601 sua
1251 1536 1382 1603 coculla
1404 1544 1504 1623 atque

315 1642 424 1707 tunica
440 1641 550 1708 nullus
566 1640 670 1708 irater
687 1664 723 1707 se
738 1640 893 1708 totonclat
909 1649 943 1707 et
965 1641 1141 1726 unicnique
1153 1640 1248 1709 decet
1259 1640 1302 1709 ad
1313 1643 1503 1710 meditatam

314 1751 440 1814 aurium
465 1748 618 1834 capillum
644 1747 788 1814 incidere
812 1750 844 1814 iu
867 1749 985 1831 ginun.
1020 1746 1132 1836 Caput
1155 1749 1210 1836 qni
1225 1748 1339 1816 lavare
1354 1748 1504 1832 voluerit,

316 1858 385 1940 ipsa
415 1854 467 1921 die
498 1857 568 1921 sine
598 1855 734 1921 licentia
757 1854 875 1933 faciut,
906 1855 974 1921 alia
1003 1854 1057 1922 dio
1079 1877 1146 1923 nou
1175 1855 1269 1939 licet,
1300 1864 1336 1923 et
1357 1856 1505 1943 quaudo·

315 1984 451 2047 nutuque
474 1961 536 2029 boc
559 1961 651 2045 lacit,
675 1964 820 2028 tunicam
845 1985 917 2028 curu
942 1962 1022 2028 latis
1044 1962 1181 2029 manicis
1204 1963 1352 2031 indutam
1371 1963 1504 2032 bubast-

395 2163 574 2237 Conrcuit
601 2160 693 2235 haee
722 2160 912 2236 monachis
940 2187 1087 2262 semper
1115 2187 1265 2239 servaro
1293 2163 1432 2246 culinis.

404 2318 508 2385 XXI.
548 2318 588 2384 In
612 2318 754 2404 coquina
778 2316 892 2402 frater,
915 2318 974 2405 qui
996 2319 1122 2405 primus

315 2428 439 2494 seruiit
462 2426 619 2509 diluculo,
651 2425 810 2511 quamdiu
833 2424 923 2491 solus
947 2425 1057 2510 suerit,
1086 2425 1167 2493 nihil
1190 2426 1281 2494 uliud
1304 2449 1418 2515 gerere
1439 2430 1504 2497 nisi

316 2535 434 2619 poterit
457 2533 599 2616 locuru¹)
621 2532 818 2601 illuminare.
851 2531 1034 2619 Postquam
1058 2533 1144 2601 alter
1166 2534 1217 2602 rel
1232 2534 1331 2602 ambo
1346 2537 1503 2620 renarint,

315 2640 530 2728 psalmodiam
555 2642 640 2708 sicut
663 2640 697 2708 in
722 2639 871 2709 radendo
894 2648 1001 2708 tutam
1023 2640 1138 2709 dicant
1152 2664 1193 2708 ex
1209 2641 1349 2729 integro,
1371 2651 1505 2732 praetor

315 2750 489 2816 familiares
519 2749 560 2816 cle
589 2749 680 2815 horis
708 2748 924 2833 regularibus,
955 2770 1039 2834 unos
1068 2750 1102 2816 iu
1132 2750 1292 2818 aeeclesia
1321 2773 1395 2819 cnm
1417 2752 1503 2834 aliis,

316 2858 366 2925 vel
389 2859 460 2942 ipso
484 2866 630 2943 ternpore
653 2877 713 2941 per
737 2876 772 2920 se
795 2856 920 2940 poterit
940 2856 1163 2943 unusquisque
1179 2841 1298 2926 dicere.
1331 2857 1504 2946 Ipsorero

315 2964 506 3051 psalmodia,
537 2985 632 3049 cluam
658 2963 691 3027 in
716 2963 857 3046 coquina
882 2962 933 3029 rel
956 2964 992 3029 in
1014 2962 1163 3031 radendo
1186 2965 1236 3032 vel
1260 2965 1325 3034 alio
1347 2987 1503 3034 manuum

316 3095 414 3160 opere
437 3072 552 3138 dicunt
574 3068 726 3154 priruitus
749 3066 792 3133 ad
817 3068 961 3156 quinque
984 3071 1138 3156 psalmos,
1161 3070 1271 3154 idest,
1296 3075 1403 3143 Verba
1417 3098 1501 3158 ntes,

315 3181 453 3258 «linatur,
477 3179 639 3244 Dominus
654 3176 834 3257 vobiscum,
859 3186 935 3262 post
951 3178 1112 3259 oratione,
1128 3182 1349 3269 Requiescere!
1361 3186 1503 3269 inpare.

315 3287 438 3352 Postea
460 3305 526 3350 non
549 3281 611 3347 nisi
634 3280 679 3347 ad
702 3303 859 3367 resperas
883 3282 1033 3365 dicatur,
1064 3289 1230 3355 Dominus
1253 3289 1438 3373 volscum,
1469 3298 1504 3356 et

319 3397 550 3459 Benedicanrus
582 3393 733 3456 Domino.
780 3388 912 3457 Deinde
942 3392 1093 3459 similiter
1120 3392 1164 3460 ud
1187 3415 1342 3481 resperas
1364 3417 1425 3482 pm
1447 3395 1503 3464 tlo-

315 3499 434 3565 iuuctis
456 3495 595 3578 dicatur,
621 3499 784 3563 Dominus
808 3499 987 3566 nobiscum.
1022 3502 1243 3586 Requiescaut
1261 3504 1297 3569 in
1314 3517 1411 3589 pace.
1445 3501 1503 3570 An

315 3604 560 3691 completorium
585 3624 661 3668 rero
685 3601 830 3686 dicatur,
863 3608 1027 3674 Dominus
1050 3609 1226 3691 vobiscum,
1251 3616 1285 3677 et
1307 3607 1502 3683 benedictio.

314 3712 371 3779 Ad
401 3710 550 3777 Psalmos
578 3708 760 3776 familiares
795 3711 947 3796 ultimos,
981 3716 1146 3782 Dratinus
1175 3717 1353 3785 nobbcmn.
1399 3721 1502 3788 Bene·

314 3824 464 3888 dicaurus
486 3820 640 3888 Domino.
688 3821 886 3890 Beiredicite.

341 4000 505 4090 Qualiter
533 4011 621 4098 agat
650 4000 835 4094 sacerdos,
865 4001 928 4100 qui
957 4002 1035 4077 cult
1063 4029 1167 4080 suam
1195 4005 1344 4082 missam
1372 4031 1484 4106 ogero

821 4126 999 4226 privatae.

403 4281 528 4351 XXII.
567 4282 648 4351 Mox
671 4291 710 4349 ut
732 4281 875 4350 exiedut

314 4412 353 4456 ex
373 4389 621 4457 matutinalibus
638 4389 767 4473 officiis,
792 4390 819 4456 si
835 4389 906 4457 dies
923 4391 1032 4471 fucrit,
1056 4402 1182 4461 annuat
1196 4397 1253 4461 uni
1268 4417 1308 4462 ex
1324 4396 1500 4481 conversis,

315 4497 403 4583 quali
426 4498 514 4576 volit,
538 4506 572 4563 et
595 4507 684 4578 eant,
707 4495 821 4563 lavent
844 4519 963 4565 munus
986 4509 1086 4586 atque
1101 4500 1203 4568 iacies
1217 4522 1294 4568 suns
1309 4509 1344 4570 et
1360 4511 1501 4589 mant

404 4657 426 4725 ¹)
447 4656 578 4725 ,Fonrm“
599 4664 698 4728 postes
715 4657 805 4714 textui
825 4657 964 4729 adjectura
983 4667 1036 4716 est.

367 4746 548 4789 cousuetudine·
561 4745 712 4788 Xooustttss.
1357 4749 1389 4805 η

1593 1242 1637 1283 Η.
1652 1238 1696 1283 01*
