3792 5375
783 493 1030 557 -145-

315 690 522 774 cellerarius,
551 708 655 773 usque
683 686 725 753 sd
756 686 863 753 locum
895 684 1015 772 operis.
1060 681 1144 750 Cum
1175 682 1218 749 rbi
1243 682 1381 765 suerint,
1412 690 1500 751 stent

315 798 407 882 pueri
430 795 575 863 ordinati
598 794 632 860 in
656 801 765 876 antea,
789 801 821 860 et
845 792 1045 860 inclinentur
1067 798 1146 857 onte
1169 798 1202 858 et
1225 797 1315 858 retro
1324 790 1361 878 ¹).
1407 789 1500 857 Tune

315 903 450 989 incipiat
484 903 591 989 prior,
634 904 724 968 llrus
763 902 797 966 in
834 900 1041 988 adjutorium
1076 920 1182 964 urceum
1217 899 1362 980 intende,
1403 897 1500 965 tertio

317 1008 455 1076 dicendo
479 1017 513 1077 et
531 1010 647 1076 Gloria
664 1009 773 1075 Patri.
802 1005 944 1089 Deinde,
969 1006 1074 1092 lubrie
1088 1009 1226 1088 eleyson.
1262 1008 1367 1073 Pater
1383 1015 1500 1072 nestrr.
1536 1031 1545 1045 ·

318 1122 363 1185 Et
391 1143 429 1185 ue
458 1140 525 1186 nos.
573 1116 784 1204 ,ddjuturium
815 1128 976 1181 nostrum.
1020 1111 1069 1178 Et
1099 1118 1178 1178 lunc
1208 1111 1366 1198 incipient
1389 1133 1501 1198 opera,

318 1235 350 1291 et
376 1222 527 1309 psalmos,
556 1221 610 1288 ubi
633 1243 689 1288 eos
712 1220 915 1298 dimiserant,
939 1219 1101 1305 recipiant
1124 1241 1196 1284 cum
1221 1226 1345 1305 septem
1369 1216 1503 1305 psalmis

319 1330 518 1416 specialesll)
529 1336 562 1396 et
573 1330 715 1415 quinque
728 1348 788 1413 pro
801 1326 973 1394 defunctis.
985 1326 1012 1413 ¹)
1035 1326 1158 1392 Postea
1169 1346 1298 1391 cursum
1311 1325 1502 1393 canonicum

319 1459 391 1503 oum
422 1434 555 1522 psalmis
586 1433 801 1502 familiaribus
829 1432 994 1500 deberis.
1041 1431 1162 1500 Frater
1184 1431 1439 1501 ebdomadarius
1461 1431 1504 1500 de

321 1545 416 1609 otissa
442 1542 533 1608 dicat
556 1542 721 1611 collectos.
769 1539 806 1608 Si
829 1539 959 1606 duabus
982 1538 1106 1606 uicibus
1129 1546 1279 1625 pergunt,
1309 1539 1355 1606 ibi
1376 1538 1505 1625 legetur

320 1651 416 1716 lectio
439 1649 480 1715 de
503 1648 598 1731 libro,
626 1649 680 1735 qui
704 1647 748 1714 ad
768 1647 943 1736 prandium
959 1646 1091 1733 legitur,
1115 1645 1237 1713 situlis
1253 1653 1315 1732 est,
1338 1647 1414 1736 ut][
1428 1645 1505 1716 bae-

321 1756 427 1823 ‹lificet
452 1756 632 1824 audientes.
665 1755 786 1823 Frater
808 1753 864 1841 qui
887 1754 966 1838 legit
989 1752 1032 1820 ud
1056 1753 1248 1820 servitorem
1271 1752 1370 1821 debet
1387 1752 1505 1821 librum

322 1872 468 1949 portare,
501 1870 535 1928 ct
564 1872 705 1947 exqmnat
735 1863 841 1949 prior,
872 1861 923 1928 rel
947 1862 1000 1926 eui
1024 1860 1094 1947 ipse
1114 1860 1250 1945 jusserit
1272 1859 1422 1928 cornibus
1445 1859 1506 1928 sub

322 1971 447 2037 silentio
477 1968 675 2035 sedentibus.
721 1968 838 2035 Denuo
862 1969 889 2033 si
913 1968 1015 2035 risum
1040 1967 1139 2034 fuerit
1159 1967 1279 2054 priori,
1308 1967 1509 2055 etamplius

323 2076 445 2163 aliquid
476 2083 667 2162 operentur,
698 2074 831 2142 iaciant.
879 2073 1024 2142 Dimisso
1054 2095 1152 2160 opere
1183 2074 1215 2140 in
1238 2072 1407 2143 redeundo
1429 2082 1509 2144 cent

324 2183 488 2251 cautando
511 2182 655 2269 psalmos
678 2203 782 2267 nsque
806 2181 839 2248 in
858 2180 1050 2264 claustrum,
1068 2184 1194 2249 Beatus
1208 2184 1274 2263 uir,
1298 2181 1349 2249 sel
1365 2182 1509 2269 qualiter

325 2291 428 2357 abbas
451 2291 603 2376 inciperit
624 2291 674 2377 (l).
720 2287 804 2355 Cum
835 2288 956 2356 luerint
986 2295 1064 2355 ente
1091 2288 1272 2373 capitulum
1295 2288 1386 2357 dicet
1407 2290 1508 2377 prior,

324 2402 540 2487 ,ieiunorium
564 2411 721 2464 uosrrmu.
760 2398 954 2478 Ianuario,
979 2403 1014 2463 et
1033 2402 1088 2462 eat
1104 2397 1327 2483 unusquisque
1342 2395 1386 2464 ed
1401 2396 1510 2465 officis

325 2505 419 2589 sua¹l
442 2525 482 2570 ex
505 2502 567 2571 bac
590 2503 672 2569 bora
696 2511 790 2570 sonet
814 2501 941 2569 scibam
965 2504 1171 2571 secretarius.

591 2705 695 2801 Item,
722 2704 753 2778 si
781 2713 864 2804 post
891 2727 1028 2778 nonam
1055 2703 1249 2786 reversuri

415 2880 482 2949 IX.
517 2881 601 2947 Post
623 2901 742 2946 nonam
766 2887 875 2946 autem
899 2878 927 2945 si
951 2879 1071 2946 iterum
1094 2886 1171 2946 suut
1193 2879 1357 2948 reversuri

327 3012 400 3055 mam
433 2995 470 3052 ut
505 2987 645 3053 exierint
673 3009 691 3053 e
721 2986 894 3053 refectorio
925 2985 1130 3053 venientibus
1163 2985 1309 3072 capitulo
1343 2985 1511 3055 aeiticient

326 3094 562 3161 absolutionem
587 3096 670 3161 sieut
692 3092 831 3160 caeteris
854 3092 981 3162 dicbus.
1028 3092 1143 3174 Dicto,
1176 3098 1356 3174 Benedicte,
1386 3094 1511 3163 auant
1613 3159 1619 3170 ,

326 3210 403 3269 ante
425 3207 458 3266 ct
480 3210 580 3282 retro,
605 3209 637 3269 et
659 3202 735 3267 ilico
758 3200 892 3294 incipiat
915 3202 1006 3286 prior
1027 3200 1172 3287 psalmos
1188 3199 1365 3270 familiares
1379 3223 1510 3290 resper-

326 3307 453 3387 tiuales,
484 3312 625 3376 Domine
646 3312 771 3375 exaruii
792 3313 972 3376 orationem
996 3331 1114 3377 rurum.
1139 3310 1290 3377 Auribus
1307 3314 1452 3397 percipe,
1475 3310 1510 3378 in

327 3415 438 3501 primis
462 3422 495 3480 et
518 3416 648 3481 caeteri.
684 3413 771 3481 Dein
787 3437 922 3501 uespere
938 3415 1082 3483 onmium
1099 3421 1297 3498 sanctorum,
1321 3423 1356 3483 et
1375 3438 1510 3504 vespere

327 3530 537 3600 mortuorum,
568 3532 601 3587 et
624 3520 766 3588 osticium
790 3542 913 3602 eorum,
944 3529 978 3588 et
1000 3524 1094 3588 Deus
1115 3524 1265 3606 auribus,
1296 3529 1397 3610 etque
1419 3523 1511 3609 qnin-

328 3650 390 3714 quo
420 3627 563 3713 psalmos
590 3650 650 3714 pro
674 3628 846 3708 defunctis,
877 3637 912 3695 et
935 3630 983 3695 sic
1005 3628 1145 3696 redeant
1167 3628 1333 3697 cantando
1355 3629 1510 3716 psalmos,

329 3741 390 3804 ,td
416 3736 595 3802 Douriruun
631 3758 704 3802 curu
734 3738 921 3803 tribularer
949 3736 985 3802 in
1015 3736 1158 3802 claustro
1189 3735 1346 3821 «quamdiu
1375 3744 1512 3804 cantent

328 3842 435 3928 pueri,
468 3842 524 3927 qui
555 3850 632 3909 ante
662 3842 863 3929 praecedunt
893 3842 937 3908 sd
967 3842 1136 3930 introitum
1160 3843 1312 3928 capituli,
1343 3864 1512 3931 quousque

328 3950 513 4016 adunentur
540 3949 657 4015 cuncti.
704 3948 758 4014 Ex
780 3955 860 4014 tunc
882 3947 1103 4016 residentibus
1126 3947 1170 4014 ibi
1194 3970 1276 4035 puer
1297 3956 1392 4036 petet
1412 3949 1511 4018 bene·

329 4057 520 4136 dictionem,
554 4064 588 4122 et
615 4055 704 4140 legat
732 4055 904 4122 lectionem
929 4054 971 4121 de
997 4053 1092 4135 libro,
1123 4055 1212 4142 quod
1235 4055 1279 4123 ad
1302 4055 1532 4126 cenationem·

328 4165 462 4247 legitur:
487 4169 520 4229 et
531 4162 668 4247 jubente
682 4163 772 4249 prior
787 4162 929 4249 expleat,
954 4168 1024 4228 tum
1042 4161 1144 4229 faciat
1159 4183 1351 4234 sermonem.
1381 4163 1513 4232 Deinde

330 4277 465 4354 surgant
488 4291 601 4336 omnes
624 4277 658 4337 et
680 4270 804 4337 iaciant
825 4269 1052 4339 reuerentiam.
1099 4269 1178 4356 lpse
1200 4270 1290 4356 prior
1313 4270 1403 4339 dicat
1424 4269 1513 4339 buno

332 4399 473 4457 versum,
510 4379 706 4445 Benedictus
739 4400 772 4444 es
807 4379 936 4445 dauriae
969 4380 1050 4445 dem
1080 4400 1180 4445 rmus.
1232 4375 1357 4464 chll)
1388 4376 1512 4445 seciam

330 4482 461 4570 «luendo
483 4480 535 4549 bis
557 4492 707 4570 pergunt„
1114 4488 1118 4498 '

422 4663 440 4731 'l
459 4662 575 4719 Runa.

384 4751 566 4793 (numanum
579 4749 726 4793 umam
1373 4749 1406 4806 ιο
