3792 5375
799 481 1020 544 ..13-

310 672 468 755 genitrice
484 673 617 758 qualem
630 672 718 739 relit.
744 672 948 756 Versiculos,
963 676 1049 741 Post
1054 687 1195 761 partum
1206 678 1316 759 virgo.
1339 672 1499 759 Collects,

312 781 519 866 Orrrrn'penns
539 784 737 867 scapnam
759 783 849 861 dens,
874 783 935 865 qni
945 784 1061 869 filiam
1084 796 1187 851 tunsis.
1218 782 1301 848 Post
1316 782 1499 850 orationem

310 886 351 951 de
362 888 483 952 sanctis
493 887 671 974 incipiatur
681 889 936 972 responsorium,
946 890 988 955 In
999 893 1106 957 sueino
1116 889 1281 957 ecclessiae.
1296 886 1498 973 l'ersicnlus,

310 995 416 1060 oratio
439 993 480 1059 de
502 995 575 1080 ipso
599 994 698 1061 beato
726 995 769 1060 ad
800 1002 937 1062 sanctae
968 997 1091 1061 urariae
1118 994 1288 1062 basilicam
1320 996 1498 1062 venientes.

401 1101 518 1166 Alrnos
542 1100 659 1167 ethos
682 1124 800 1185 mores,
825 1110 1016 1188 prospectat
1038 1100 1080 1167 ab
1104 1123 1181 1168 arce
1199 1101 1373 1187 johannes.

400 1206 500 1275 XVI.
536 1208 732 1273 Festiritatc
763 1209 870 1274 sancti
898 1207 1054 1293 johannis
1084 1208 1149 1275 duo
1178 1209 1213 1275 in
1243 1208 1357 1295 cappis
1386 1207 1499 1275 dicant

308 1313 542 1381 invitatorium.
595 1313 636 1381 In
666 1315 774 1400 primo
803 1323 964 1380 nocturno
994 1313 1092 1381 lectio
1122 1314 1164 1381 de
1194 1314 1404 1401 apocalypse.
1456 1314 1498 1382 ln

309 1421 452 1486 secundo
485 1442 653 1487 sermones
690 1428 879 1487 sauctorum
916 1428 1047 1507 lintrem
1082 1420 1124 1488 de
1159 1421 1275 1488 eadem
1308 1420 1497 1488 festivitate.

310 1525 491 1593 l'idelicet:
524 1532 621 1596 eludi
646 1530 802 1605 fabulam
833 1542 865 1594 et
894 1553 956 1595 non
988 1528 1194 1614 sabulam.¹)
1242 1527 1326 1595 Tres
1360 1527 1498 1595 candele

309 1640 385 1699 ante
401 1634 536 1714 Altare3
560 1643 649 1700 retro
674 1634 723 1700 rel
741 1634 870 1718 singula
886 1634 994 1720 primo
1009 1643 1043 1701 et
1058 1635 1201 1703 secundo
1220 1643 1382 1701 noctmno
1397 1633 1496 1702 sdsit

308 1739 412 1806 ΙΙΙΙ111
438 1740 565 1808 Villa
588 1741 707 1807 Xllaffi
733 1742 976 1827 responsorium
1007 1741 1232 1810 decantantes.
1279 1741 1336 1810 Ad
1365 1742 1498 1808 csntics

307 1857 490 1931 augeantur
512 1847 608 1915 XXn
632 1848 717 1914 ΙΙΙω
738 1847 875 1915 candele
891 1848 933 1914 ad
950 1848 1095 1914 divinum
1110 1847 1313 1935 obsequium.
1356 1847 1497 1916 Missam

307 1956 532 2021 matutinalem
546 1955 587 2021 de
600 1955 654 2021 die
666 1956 771 2021 natali
783 1965 817 2022 et
829 1955 970 2023 collecta
981 1955 1038 2025 sci.
1045 1955 1210 2041 johannis.
1227 1953 1393 2038 Oslicium,
1403 1958 1498 2024 Puer

306 2076 414 2129 nam.
437 2062 601 2148 Epistola,
615 2065 829 2149 Apparuit&
851 2062 1079 2148 arengalium,
1096 2067 1194 2131 Exiit
1207 2064 1416 2131 aediculae>
1437 2062 1497 2130 Ad

307 2170 462 2254 majorem
493 2192 622 2237 sacram
654 2192 711 2235 sex
743 2169 887 2237 cilicium
918 2176 1071 2254 teneant,
1101 2191 1215 2238 omnes
1238 2169 1358 2237 sintin
1381 2171 1496 2257 cappis

307 2276 494 2344 sacerdotes
506 2286 607 2363 atquc
623 2276 764 2344 diacum
802 2276 987 2343 Duodecim
999 2276 1135 2343 candele
1147 2275 1380 2346 accendantur.
1405 2275 1496 2344 Dum

306 2384 453 2469 expletur
474 2386 585 2451 omnia
599 2385 694 2469 signa
711 2384 894 2470 pulsentur.
948 2384 990 2449 Iu
1015 2383 1104 2450 horis
1126 2384 1193 2450 tria
1214 2382 1418 2450 candelabre
1439 2404 1494 2451 sc·

305 2491 494 2557 condentur.
525 2491 583 2557 Ad
600 2513 754 2578 resperas
769 2490 925 2558 dicantur
937 2490 1138 2577 antiphonae
1155 2490 1196 2557 de
1215 2497 1389 2571 nocturna,
1409 2509 1495 2575 quse

305 2597 346 2664 de
367 2599 439 2684 ipso
455 2606 540 2666 suut.
572 2598 789 2665 Postmodum
805 2605 959 2684 repetant
978 2597 1192 2684 antiphonam
1207 2597 1250 2664 de
1265 2596 1494 2665 innocentibus

305 2715 338 2771 et
361 2707 402 2772 de
426 2708 549 2774 domini
565 2706 670 2772 natali
687 2715 786 2791 atque
801 2707 872 2792 ejus
887 2706 1066 2791 genitricis.
1097 2703 1156 2771 Ad
1171 2706 1347 2773 stationem
1357 2726 1494 2792 respon·

303 2816 441 2895 socium,
472 2814 609 2881 Centum
637 2816 880 2901 qnadraginta.
934 2810 993 2879 Ad
1021 2811 1193 2879 basilicam
1224 2810 1347 2879 domini
1376 2812 1493 2879 rustris

302 2927 475 3008 pergentes
498 2920 606 2987 oratio
630 2943 704 2987 cum
728 2923 892 2989 Dominus
922 2921 1090 2988 vobiscum
1124 2917 1166 2985 de
1195 2918 1276 3006 ipsis
1298 2917 1491 2991 manebus.

392 3026 565 3094 Laudibus
588 3027 751 3093 inlautum
774 3027 861 3095 hunc
886 3026 1006 3094 tratres
1026 3025 1155 3111 jungite
1178 3027 1291 3097 ritum.

391 3134 512 3202 XVII.
552 3133 595 3200 In
617 3134 738 3200 natalie
761 3141 943 3220 martyrum
967 3118 1177 3200 innocentum
1192 3132 1394 3201 celebritate.
1432 3133 1492 3201 Ad

301 3243 522 3309 invitatorium
553 3242 620 3308 duo
644 3243 710 3307 sint
733 3242 844 3308 amicti
867 3240 902 3306 in
927 3241 1051 3327 cappis.
1102 3239 1361 3326 Responsorium
1382 3239 1492 3307 HIIss‘

301 3347 424 3416 l'Hlvu
448 3348 565 3414 Xlluu·
590 3370 611 3416 s
638 3348 766 3415 duobus
789 3350 955 3414 dicautur.
993 3348 1047 3415 De
1068 3346 1308 3413 illuminatione
1332 3345 1491 3416 ecclesise

300 3455 396 3522 sicuti
418 3455 473 3522 sci.
493 3456 652 3540 johannis
674 3456 728 3522 die
750 3463 862 3541 agant.
905 3454 1038 3521 Primae
1060 3454 1232 3537 lectiones,
1255 3458 1302 3522 Et
1321 3456 1396 3523 vidi
1415 3479 1490 3522 cum

1540 2048 1627 2092 (osu
1643 2052 1676 2103 rr,
1693 2054 1732 2093 ιι.

1542 2121 1575 2165 (u
1586 2121 1644 2165 sue.
1660 2123 1695 2177 n,
1711 2128 1735 2167 s.

300 3566 485 3649 aperuisset
518 3566 670 3648 stg'illrnn
709 3561 907 3651 quintmnl‘l
934 3561 962 3650 ][
991 3559 1121 3627 Dehinc
1157 3581 1323 3628 sermones
1356 3567 1489 3648 patrum
1516 3568 1628 3621 (om
1643 3570 1718 3624 vt·

298 3670 420 3754 legant.
478 3669 694 3754 Euangelium
732 3668 844 3753 legant
880 3677 956 3754 post
990 3666 1180 3751 lectionem,
1215 3669 1301 3736 Ecce
1328 3674 1491 3755 apparunt

1569 3640 1668 3692 lei-w

298 3780 439 3861 angelus
453 3779 579 3844 donnini
593 3797 697 3860 usque
709 3774 815 3842 noluit
831 3777 1005 3854 consolari,
1021 3776 1101 3860 qnia
1113 3798 1176 3841 lton
1191 3772 1313 3842 suunt)
1334 3772 1378 3840 In
1388 3772 1489 3843 lande
1516 3780 1545 3825 (ὓ
1557 3781 1641 3828 Μ
1656 3784 1691 3839 ¹¹·
1702 3789 1742 3832 ¹&

297 3890 374 3969 post
397 3882 619 3969 expletionum
643 3889 833 3949 sanctorum
857 3881 1187 3948 commemorationis.
1229 3879 1288 3947 Ad
1310 3881 1487 3949 stationem

297 3991 550 4077 responsorium,
574 3993 626 4057 Hi
645 4003 731 4069 snnt,
757 3994 817 4078 ped
838 4016 911 4057 cnm
934 3990 1140 4058 vallaribus.
1178 3987 1372 4058 Versiculos
1387 3994 1487 4074 utque

297 4098 403 4164 oratio
426 4095 469 4163 de
498 4096 587 4183 ipsis.
635 4096 744 4162 Dictis
774 4096 945 4162 matutinis
973 4100 1182 4162 serenantur
1204 4094 1238 4160 in
1261 4093 1487 4163 dormitorium

297 4204 340 4270 ad
364 4203 602 4269 dormiendum.
648 4201 815 4271 Custodes
846 4202 1004 4269 ecclesiae
1033 4199 1183 4269 inalbent
1212 4222 1248 4268 se
1271 4209 1305 4268 et
1326 4200 1486 4287 colligant

297 4331 512 4341 ”m

388 4381 409 4452 ¹)
428 4381 498 4438 Bibl.
522 4381 630 4437 Cassin.
651 4381 689 4438 IL
702 4380 834 4452 florileg.
853 4380 959 4436 cassin
980 4396 1007 4449 p.
1020 4379 1065 4434 te.
1091 4378 1124 4435 P.
1137 4378 1185 4438 Gr.
1197 4378 1259 4449 XX,
1271 4379 1333 4448 2573
1351 4378 1388 4435 ct.
1400 4379 1484 4436 etis·

296 4470 443 4542 ll'ieguud,
469 4471 527 4526 Das
553 4470 689 4527 Homiliar
713 4471 797 4526 liurls
821 4470 848 4524 d.
867 4472 916 4525 (tr.
940 4485 967 4538 p.
987 4469 1031 4538 ⁶26,
1055 4484 1100 4524 no.
1119 4467 1164 4523 82.
1199 4466 1273 4525 orno
1298 4467 1484 4525 Clnnlscensls

295 4559 367 4630 apuu
386 4560 530 4631 llcrrgott.
568 4560 623 4616 Vet
641 4558 748 4629 discipl.
766 4565 884 4614 monast
903 4573 930 4628 p.
948 4556 1019 4613 ⁴290:
1043 4556 1077 4613 lu
1096 4556 1214 4613 samuelo
1232 4555 1372 4614 Nocturna
1389 4556 1484 4614 Same

295 4648 329 4705 de
348 4648 463 4705 historia
481 4647 684 4705 ecclesiastice:
702 4647 776 4703 ,eun
795 4645 926 4703 fabulam.
