3792 5375
242 3200 275 3237 ’,τι
292 3196 346 3237 Aet.
357 3195 420 3245 l‘lll,
434 3200 466 3238 ll.

259 3413 294 3455 (a,
310 3411 379 3453 ioan.
397 3412 421 3461 X,
439 3417 457 3454 l.

965 531 1187 594 ..75-

492 717 670 787 Offertoria
692 720 756 787 nno
779 727 927 802 teneant,
958 744 1094 806 quorum
1119 745 1202 789 arnus
1227 744 1343 809 pamm
1367 731 1401 789 et
1426 723 1553 804 sinum,
1583 721 1667 787 alius

492 848 621 911 numam.
655 827 696 892 lu
720 825 891 895 refectorio
914 829 1127 914 propinentur
1150 829 1322 897 caritatem
1338 831 1421 895 sicut
1436 830 1468 894 iu
1484 827 1668 914 praephata

492 932 676 1003 festivitate.
722 932 777 999 Ad
801 932 982 1018 l'esperam
1012 936 1204 1022 antiphona,
1236 939 1396 1025 Alleltu'u,
1427 939 1668 1024 Loqeubuutur.

492 1038 653 1123 Psalmos,
685 1041 785 1108 Dixit
812 1044 972 1109 dominns.
1019 1042 1210 1122 Cnufitcdor.
1258 1045 1381 1110 Brutus
1405 1048 1470 1112 cir.
1516 1044 1669 1110 Laudate

485 1150 589 1236 peuri
601 1150 776 1214 ‹iunttiuuua
807 1146 1073 1232 Respousoriuru‚
1098 1153 1249 1236 Spiritus
1264 1151 1390 1216 ‹leniru'ui
1401 1154 1543 1236 repleuit
1558 1152 1668 1217 orbem

491 1267 660 1320 terrarum
683 1240 831 1342 ullulurb',
855 1257 1003 1343 alleluuia
1051 1254 1251 1336 l'ersiculus,
1276 1260 1321 1323 Et
1341 1260 1401 1323 icoc
1423 1258 1514 1342 quui
1531 1261 1671 1324 eotttiuet

491 1365 611 1440 narratio,
635 1363 804 1428 scientium
827 1365 925 1429 natu
945 1367 1043 1441 νοτίς,
1069 1367 1216 1452 alleluuia,
1241 1366 1390 1453 alleluuia.

581 1467 750 1536 LXXll'.
785 1468 851 1534 Per
885 1468 1022 1536 octabas
1045 1469 1255 1550 l'itatorium,
1291 1473 1421 1556 Replrti
1451 1483 1530 1537 snm
1560 1493 1670 1538 orantus

491 1579 612 1661 spiritu
633 1588 746 1642 sarecto
774 1579 922 1664 alleluiu,
954 1577 987 1642 in
1017 1598 1056 1644 eo
1087 1585 1175 1660 tono,
1206 1578 1300 1657 sicut,
1332 1581 1493 1647 Surrexit
1521 1580 1671 1644 duritiuus

492 1704 578 1749 aaut.
629 1681 758 1749 Deinde
787 1684 936 1749 accensio
967 1682 1123 1750 laurinum
1154 1693 1254 1770 atque
1284 1684 1504 1770 pronuntiatio
1533 1705 1670 1768 erenge-

492 1788 608 1855 liorum
632 1788 699 1855 sire
721 1790 847 1856 sonitus
870 1791 1045 1874 signorum,
1069 1814 1126 1857 seu
1151 1789 1355 1857 matutinalis
1378 1812 1482 1870 mora,
1505 1790 1556 1858 rel
1579 1813 1671 1860 rese·

493 1896 582 1962 stitio
594 1897 638 1961 in
661 1897 785 1982 cappis,
807 1918 934 1963 necnon
958 1906 992 1964 et
1006 1898 1133 1965 sonitus
1149 1901 1313 1985 signorum
1327 1904 1403 1984 post
1418 1897 1671 1966 celebrationem

493 2004 612 2069 missae
635 2002 685 2068 rel
702 2004 935 2088 vespertinales
949 2005 1067 2090 psalmi
1084 2004 1112 2096 ][
1129 2028 1168 2072 er
1185 2014 1256 2071 toto
1272 2004 1363 2087 fiant,
1387 2004 1671 2089 quemadmodum,

493 2118 530 2176 ut
552 2108 736 2177 ebdomada
750 2109 903 2196 paschae.
934 2111 977 2178 In
1000 2111 1134 2179 liuidum
1159 2112 1208 2178 rel
1232 2111 1386 2179 horarum
1410 2119 1571 2178 canantur
1594 2111 1672 2179 alle·

492 2215 659 2305 lujatice¹)
682 2216 723 2283 de
745 2220 980 2286 resurreetione
1005 2228 1103 2306 atque
1126 2219 1315 2286 ascensione
1339 2240 1464 2286 necnon
1480 2227 1514 2284 et
1536 2218 1577 2285 de
1601 2219 1673 2306 ipsa

493 2321 713 2390 celebratione
732 2324 800 2408 jam
825 2324 955 2409 suntab
999 2325 1039 2391 ln
1064 2326 1161 2393 inissa
1190 2348 1333 2412 namque
1363 2325 1583 2393 celebratione
1609 2324 1672 2392 boc

493 2429 590 2496 niodo
613 2429 839 2515 distinguitur:
1294 2473 1304 2490 ·

582 2535 733 2605 Lxxv.
764 2536 917 2605 Secunda
945 2538 1027 2605 feria
1057 2540 1218 2623 osticium,
1248 2542 1378 2610 citata
1406 2565 1467 2609 cns.
1513 2538 1672 2621 Collecta,

496 2648 586 2714 Dens
609 2650 669 2732 qui
688 2650 865 2733 Apustulr's.
912 2647 1080 2734 Epistola,
1113 2655 1279 2738 Aperiens
1303 2647 1468 2718 Petrum*
1511 2651 1671 2738 Allebtju,

495 2757 626 2823 titium.
663 2753 760 2838 Item,
784 2758 947 2845 Alleluja,
973 2759 1214 2841 luqucuantur.
1253 2755 1482 2842 Evangellum,
1506 2757 1564 2822 Sic
1588 2758 1673 2823 tutin

496 2865 585 2928 tuns
614 2863 733 2929 ditexit
761 2864 964 2929 uutntudtuutb’
1009 2862 1239 2945 Offerton‘unr,
1272 2866 1422 2932 Intonuit.
1467 2861 1674 2943 Conumnnio,

495 2969 644 3054 Spiritus
666 2982 807 3035 sauctus.
843 2967 956 3036 Tertio
976 2969 1058 3036 seria
1081 2970 1237 3054 osticium,
1254 2975 1404 3059 Accipite
1416 2974 1672 3059 juctunlitnteua

494 3072 628 3156 Oratio,
660 3077 756 3142 Assit
783 3078 882 3145 rutubus.
940 3075 1056 3144 Lectio
1087 3076 1128 3144 de
1158 3087 1291 3145 actuum
1321 3074 1560 3163 apostolorum,
1592 3076 1674 3144 Cum

494 3185 699 3249 nttdt'risseut
712 3186 893 3268 ausuum
928 3187 1090 3273 AlleluJu,
1103 3189 1226 3269 suctus
1241 3200 1290 3253 rst
1304 3195 1442 3273 repente.
1467 3181 1562 3261 Item,
1585 3185 1675 3250 Ata·-

495 3291 576 3377 lnju,
600 3293 750 3376 Spiritus
765 3292 891 3358 donatiui
903 3294 1051 3378 repleuit.
1088 3291 1317 3379 Evangelium,
1342 3295 1459 3371 Arinen,
1482 3315 1579 3359 utitur
1601 3294 1676 3359 dito

494 3397 595 3473 nouis,
620 3401 679 3481 qni
691 3422 754 3464 tenu
769 3398 921 3465 tun-nub
951 3396 1173 3480 Offerendam,
1194 3402 1318 3467 Portus
1342 3402 1436 3467 tueli.
1470 3397 1674 3478 Communia,

494 3505 644 3588 Spiritus
667 3508 726 3590 qui
747 3527 769 3569 n
787 3517 887 3590 putre·
911 3509 1070 3591 prosulit.
1125 3507 1293 3593 Quattuor
1320 3526 1461 3592 namque
1496 3503 1582 3587 dies,
1618 3507 1675 3592 qui

496 3617 622 3676 restant
651 3621 750 3695 agrrut
783 3611 925 3678 osticium
956 3612 999 3678 ad
1033 3613 1166 3680 missam
1197 3615 1281 3682 sicut
1311 3614 1344 3679 in
1374 3613 1428 3679 die
1458 3618 1675 3699 pentecostes.

496 3716 666 3802 Epistulae
689 3725 788 3804 atque
804 3718 985 3804 Evangelia
1008 3719 1106 3787 relati
1127 3742 1188 3807 per
1212 3741 1473 3807 nunnunquamquc
1494 3717 1578 3785 feria
1599 3739 1675 3785 con·

496 3830 585 3890 serta
599 3823 697 3890 suerit
712 3826 744 3890 iu
760 3834 1035 3893 sacraruentorern
1052 3828 1164 3894 codice
1180 3826 1490 3914 pronuntiabuntur.
1527 3822 1676 3892 Sabbata

496 3929 539 3995 ad
563 3929 729 4018 Vesperas
758 3933 856 4017 quina
882 3933 1081 4001 caudelabra
1103 3935 1328 4002 illuminentur
1357 3941 1560 4001 ontearum.
1605 3929 1678 3999 An·

497 4036 644 4122 tiplrona,
669 4042 828 4127 Aldbu‘n,
851 4041 983 4125 Rtpltti
1002 4055 1079 4109 sttut
1092 4067 1211 4112 nuntius.
1257 4041 1420 4120 Psalmos,
1444 4041 1677 4129 Cnufitrnutur.

497 4140 661 4211 Sacerdos
683 4145 774 4210 sitin
791 4167 906 4232 capum.
941 4146 1136 4235 Antipbona
1153 4149 1185 4215 iu
1202 4149 1400 4234 magnificat,
1419 4149 1490 4215 atu
1505 4171 1564 4216 aus
1579 4150 1677 4215 teliu·

497 4273 595 4337 putatu
611 4254 784 4338 erupturum,
810 4250 962 4337 Oretana,
980 4258 1070 4322 Deus
1086 4261 1145 4344 qui
1158 4260 1319 4324 bailiarum
1334 4258 1388 4324 u'ie
1403 4257 1677 4342 cordufideliuua

586 4355 621 4424 Si
634 4357 769 4443 ‹lc-junia
782 4359 902 4425 mensis
919 4362 1027 4446 quarti
1045 4364 1193 4430 rerurint
1208 4363 1293 4430 insru
1305 4363 1409 4449 ipsam
1425 4358 1677 4441 hebdomadam,

497 4462 642 4531 eiticiant
663 4465 728 4531 ita:
761 4465 849 4530 Ante
866 4466 1008 4548 tertiani,
1032 4478 1133 4553 rigant
1156 4469 1287 4536 arissam
1312 4468 1353 4536 de
1375 4469 1470 4552 festo,
1493 4464 1604 4533 omnia
1618 4487 1679 4551 per

588 4607 609 4671 ¹)
628 4607 742 4665 nasim.

585 4694 609 4761 ⁸)
631 4695 732 4752 t'erbe:
753 4698 831 4759 ,iam
850 4700 940 4754 iacta‘*
961 4701 1015 4756 alia
1034 4717 1129 4757 niuniu
1148 4700 1286 4769 ntjuuxta
