3792 5375
852 522 1098 583 -130-

386 719 561 778 nocturnos
584 712 763 793 habentur,
795 712 987 792 decantent,
1017 721 1050 779 et
1081 720 1231 798 repetant
1254 713 1468 799 antiphonam
1492 732 1565 777 cum

389 821 504 885 Gloria
527 818 568 884 de
591 826 704 885 sancto
727 820 896 886 clemente.

474 923 681 994 CXXXIV.
706 925 747 991 la
764 927 867 991 sancti
881 925 1050 992 clerueutis
1067 925 1237 993 festivitas.
1269 926 1326 993 Ad
1342 926 1564 993 invitatorium

386 1031 451 1097 sint
475 1030 539 1096 duo
563 1030 682 1098 fratres
710 1031 742 1097 in
772 1031 867 1098 albis.
915 1031 1091 1098 Lectiones
1123 1040 1199 1099 octo
1228 1032 1270 1099 de
1300 1033 1371 1119 ejus
1401 1032 1565 1118 passione,

387 1140 425 1203 ln
447 1141 560 1205 diebus
582 1141 653 1204 illis
677 1141 773 1206 totins
796 1163 931 1206 romane
958 1143 1114 1206 ecclesiae
1130 1145 1289 1225 praesui!
1310 1145 1479 1227 episcopas
1503 1142 1565 1205 cle·

386 1267 483 1313 triens.
540 1243 812 1330 Responsorium,
848 1246 989 1313 Orernns
1022 1270 1140 1313 orienes.
1199 1246 1240 1313 Iu
1273 1246 1371 1313 tertio
1405 1252 1566 1312 nocturno

385 1350 525 1417 homelia
554 1350 659 1417 sancti
688 1352 826 1436 gregorii
858 1374 965 1439 proriae
995 1350 1035 1419 de
1071 1352 1251 1438 erarrgelio,
1286 1356 1392 1420 Homo
1426 1356 1565 1441 an'dam

203 1473 244 1515 tot
260 1474 300 1514 τὸ*
381 1457 571 1545 peregre&
615 1457 721 1524 Missa
750 1457 778 1547 ][
809 1467 949 1526 canatur
978 1459 1062 1526 sicut
1093 1466 1371 1527 sacramentorum
1405 1456 1490 1526 liber
1524 1456 1566 1524 de

135 1567 166 1607 ‘⁸³
183 1561 358 1613 ''Ml-‘ll
386 1563 455 1649 ejus
477 1563 531 1630 die
554 1565 707 1632 continet.
755 1564 902 1651 Vespere
933 1565 1032 1633 iaciat
1062 1566 1148 1632 sicut
1175 1587 1245 1633 mos
1268 1574 1319 1634 est
1352 1567 1387 1633 in
1409 1565 1566 1633 natalicio

220 1636 282 1677 ’,ω’
386 1671 481 1737 unius
503 1669 698 1738 confessoris
722 1692 830 1756 agere.

473 1776 659 1845 CXXXV.
682 1778 805 1863 vigilia
829 1780 934 1846 sancti
959 1779 1126 1849 Andreae.
1173 1779 1310 1848 Missam

384 1884 608 1951 matutinalem
631 1883 672 1951 de
696 1894 811 1952 sancto
834 1886 1004 1954 saturnino
1027 1894 1147 1971 agant:
1178 1887 1316 1954 officium
1345 1906 1503 1971 namque,
1534 1892 1567 1952 et

384 1991 490 2057 omnia
515 1991 580 2057 alia
602 1993 686 2057 sicut
710 2014 779 2059 uros
803 2000 854 2059 est
876 2015 916 2059 ex
939 2015 1006 2059 uuo
1028 2002 1172 2080 martyre
1202 2015 1317 2079 agere,
1347 1993 1567 2079 adjungentes

385 2097 551 2164 collectam
577 2111 787 2165 mortuorum.
835 2100 933 2166 Nona
956 2099 1038 2166 hora
1063 2101 1211 2167 veniente
1234 2099 1422 2168 caelebrant
1449 2118 1566 2165 sacrae

385 2205 426 2271 de
449 2204 597 2290 apostolo
620 2205 891 2290 quemadmodum
916 2207 950 2273 iu
974 2207 1044 2292 ejus
1069 2206 1179 2293 vigilia
1202 2208 1387 2274 continetur
1408 2207 1442 2272 in
1459 2226 1567 2272 sacra·

386 2319 565 2378 mentorum
595 2310 701 2392 libris,
736 2311 953 2398 adjungentes
986 2313 1152 2381 orationes
1182 2314 1325 2382 rivorum
1356 2312 1459 2379 veluti
1493 2311 1567 2380 aliis

385 2417 509 2486 diebus.
555 2417 671 2504 Adcps
694 2440 755 2485 nec
779 2419 1003 2487 commedatur
1025 2421 1098 2506 ipso
1126 2420 1190 2487 die.
1235 2419 1318 2489 Post
1334 2440 1468 2496 ,nonam
1492 2441 1568 2504 pro·

384 2523 504 2591 cedant
526 2524 569 2590 ad
592 2523 764 2596 edendum.
801 2526 1061 2593 Elemosinarius
1084 2527 1224 2612 accipiat
1247 2525 1401 2613 quicquid
1425 2548 1569 2613 exprme

385 2638 419 2699 ct
440 2632 515 2698 rino
537 2633 731 2700 remanserit
755 2631 924 2704 iratribus.
964 2631 1153 2719 Secretarii,
1176 2632 1253 2701 dum
1276 2634 1423 2702 seniores
1445 2632 1570 2703 luerint

385 2737 428 2805 ad
461 2738 685 2820 reficiendum,
722 2740 878 2808 decorent
912 2741 1143 2827 presbiterium
1181 2748 1280 2828 atque
1315 2739 1463 2811 oliorum
1510 2741 1569 2809 Ad

385 2866 535 2931 resperas
559 2847 783 2913 accendantur
806 2848 949 2934 quinque
973 2848 1176 2916 caudelabra
1206 2855 1283 2916 ante
1305 2848 1423 2917 altare.
1470 2847 1569 2935 (lapi-

385 2951 498 3034 tulum,
522 2958 711 3022 Benedictio
727 2958 867 3023 Domini
879 2970 991 3042 snper.
1024 2956 1291 3041 Responsorium,
1308 2958 1393 3023 Mox
1407 2969 1445 3024 nt
1457 2980 1568 3024 nocem

386 3061 530 3127 Donnini.
577 3058 739 3127 Sacerdos
763 3061 920 3129 induatur
943 3083 1052 3148 eappa
1075 3062 1118 3129 ad
1146 3060 1357 3130 deserendum
1387 3061 1570 3129 turibulum

385 3188 444 3251 per
481 3166 609 3234 altaria.
663 3165 858 3252 Antiphone
896 3189 962 3235 non
1000 3168 1231 3256 miunrplratur.
1283 3167 1342 3236 Ad
1380 3168 1570 3236 citatorium

385 3271 450 3339 duo
459 3272 577 3339 iratres
589 3295 661 3339 esse
672 3275 865 3341 circumdati
877 3276 990 3360 cappis
1001 3274 1132 3345 debent.
1155 3274 1331 3344 Lectiones
1343 3282 1429 3357 octo,
1448 3276 1570 3345 Omnes

151 3396 186 3441 <u
209 3392 340 3442 Sonuit·
379 3380 611 3467 presbyteria)
638 3377 810 3465 Quartum,
828 3388 990 3466 octavum,
1007 3381 1233 3450 duodecimum
1247 3383 1491 3470 responsorium
1503 3381 1570 3451 duo

178 3465 319 3519 ‘'mm’'
386 3486 562 3554 decantent
584 3494 662 3554 ante
685 3487 801 3556 altare.
833 3489 973 3557 Mosam
989 3488 1214 3556 matutinalem
1238 3489 1279 3557 de
1301 3490 1383 3577 ipso,
1406 3496 1441 3557 et
1456 3511 1570 3558 omnes

387 3593 540 3661 collectae
563 3602 766 3679 promantur,
791 3617 877 3681 quae
900 3596 1017 3663 solitae
1040 3604 1127 3666 sunt.
1174 3596 1231 3663 Ad
1254 3598 1389 3664 missam
1409 3597 1569 3684 majorem

387 3721 498 3767 omnes
520 3701 708 3768 sacerdotes
732 3710 832 3788 atque
855 3702 974 3770 levitae
997 3711 1157 3770 coornent
1171 3724 1207 3770 aa
1227 3704 1352 3790 cappis,
1376 3705 1477 3771 etiam
1492 3724 1570 3772 con·

387 3806 486 3890 uersi,
520 3807 576 3894 qui
599 3815 735 3874 cantare
759 3808 878 3875 valent
925 3809 968 3876 In
1003 3810 1107 3876 altare
1141 3810 1265 3898 majore
1297 3810 1364 3878 duo
1397 3810 1502 3897 pallia
1537 3819 1571 3878 et

388 3912 495 3979 album
519 3923 754 4000 superponant.
800 3913 934 4001 Septem
960 3917 1046 3983 cerei
1069 3916 1209 3983 ardeant
1232 3924 1309 3984 aute
1339 3916 1464 4000 altare,
1495 3938 1569 3985 oum

386 4018 462 4102 illis,
485 4041 567 4105 qnos
582 4022 729 4087 conversi
745 4020 906 4103 delerant,
923 4031 957 4089 et
972 4029 1061 4090 retro
1077 4020 1154 4093 tres.
1179 4020 1331 4090 Officium
1349 4045 1407 4091 sex
1423 4033 1569 4093 teneant.

388 4126 537 4211 Epistola
560 4127 663 4212 ipsius
686 4126 751 4193 diei
775 4137 964 4212 congruent.
1008 4127 1266 4215 Responson’um
1289 4137 1357 4197 tres
1380 4129 1570 4211 decantent,

388 4231 534 4319 Alleluja
561 4242 734 4320 quattuor3
769 4234 934 4302 offertoria
971 4234 1035 4302 duo
1071 4236 1244 4321 accipiant
1290 4234 1435 4322 Expleta
1469 4238 1570 4305 missa

388 4347 544 4406 sonentur
566 4340 659 4425 signa
682 4341 802 4411 omnia.
834 4342 876 4408 In
891 4342 981 4409 horis
1003 4340 1157 4409 dicantur
1177 4342 1347 4426 vensicula,
1371 4364 1457 4429 quae
1473 4366 1572 4430 super

389 4445 581 4512 nocturnale
611 4446 803 4534 obsequium
838 4448 979 4533 luerunt,
1015 4458 1047 4515 et
1078 4470 1138 4534 per
1159 4470 1419 4535 unamquemque
1453 4448 1571 4518 horam

388 4558 455 4618 tres
478 4551 613 4619 candele
629 4552 863 4624 accendantur.
895 4554 953 4621 Ad
968 4577 1122 4641 vesperas
1137 4555 1347 4641 antiphonae,
1370 4576 1456 4642 quae
1472 4577 1572 4642 super

388 4658 578 4726 nocturnale
601 4659 749 4739 suerunt,
785 4670 1011 4742 assumantur,
1052 4664 1142 4733 l'idit
1162 4666 1325 4732 Dominus
1350 4666 1505 4745 Parrum,
1537 4671 1571 4731 et
