3792 5375
774 363 1019 428 -m-

524 595 578 671 De
603 594 808 696 hospitibus
833 594 989 694 qualiter
1013 594 1270 694 suscipiantur.

391 768 504 841 XLV.
546 769 621 838 Hoc
660 791 864 858 summopere
894 792 980 837 unus
1008 768 1112 837 frater
1141 769 1193 837 rel
1222 770 1290 838 duo
1320 792 1395 837 cunr
1424 770 1493 837 suis

302 876 433 945 famulis
456 887 643 964 procurent,
670 888 705 945 ut
728 900 801 944 eum
824 877 972 965 hospites
995 864 1296 945 adventaverintiu
1312 877 1386 964 ipsa
1400 897 1492 944 man·

302 985 402 1063 sione,
420 1006 504 1071 quae
520 984 676 1071 talibus¹)
701 984 860 1072 deputata
876 992 937 1068 est,
961 1006 1075 1051 omues
1089 983 1250 1051 inducant
1264 991 1299 1050 et
1313 1005 1389 1050 eum
1404 983 1492 1051 omui

302 1090 507 1158 humanitate
531 1092 764 1178 suscipiantur,
787 1100 821 1159 et
837 1099 912 1178 post
927 1112 1044 1159 cenam
1061 1090 1241 1159 abluantur
1260 1091 1309 1159 eia
1324 1113 1346 1157 a
1361 1090 1493 1158 famulis

302 1197 418 1282 pedes,
449 1208 483 1265 et
512 1209 673 1285 parentur
702 1198 919 1279 lectisternia,
951 1199 1037 1265 etsi
1060 1198 1108 1265 eis
1132 1197 1308 1285 placuerit,
1331 1205 1400 1266 tres
1422 1197 1493 1265 dies

300 1304 426 1390 absquo
460 1307 723 1373 contradictione
757 1314 943 1391 merentum
978 1313 1013 1371 et
1044 1326 1119 1373 euru
1153 1326 1290 1391 pergere
1321 1304 1491 1384 voluerint,

301 1410 471 1478 denarium
502 1413 638 1499 singulis
668 1412 819 1480 donetur.
866 1412 901 1480 Si
932 1412 1053 1499 uliquis
1082 1434 1123 1481 ex
1153 1412 1233 1499 ipsis
1263 1411 1411 1479 infirmus
1433 1409 1492 1478 ad·

302 1521 436 1603 seruerit,
447 1520 472 1604 ¹)
496 1520 712 1606 ‹puoadusque
735 1519 926 1588 melioretur
948 1520 977 1586 si
1001 1519 1151 1603 voluerit,
1174 1526 1270 1586 extra
1285 1517 1404 1586 cellam
1426 1539 1493 1586 uon

300 1636 413 1708 exeat,
447 1626 509 1693 luoc
539 1636 650 1693 tamen
681 1625 883 1714 pauperibus
911 1634 945 1692 et
975 1626 1157 1713 peregrinis
1187 1623 1418 1694 tantummodo
1440 1634 1492 1692 est

298 1730 505 1800 exibendum.
562 1732 653 1800 Nam
687 1733 785 1800 debet
809 1732 912 1800 frater
934 1740 1131 1820 procurator
1154 1732 1302 1820 ejusdem
1324 1731 1390 1800 loci
1411 1732 1492 1800 coti·

301 1838 353 1905 die
376 1840 525 1925 accipere
549 1864 588 1907 ex
613 1843 818 1928 promtuaria
840 1862 943 1927 panes
966 1840 1080 1908 decern
1104 1848 1137 1907 et
1160 1847 1303 1926 septem,
1332 1846 1367 1907 et
1389 1838 1492 1907 libras

301 1954 368 2011 tres
393 1967 431 2011 ex
457 1946 513 2013 illo
537 1970 640 2034 pane,
672 1970 769 2034 quern
802 1948 948 2015 seniores
978 1947 1156 2015 habuerint
1184 1949 1218 2014 iu
1242 1945 1435 2031 refectorio,
1458 1953 1493 2014 et

299 2061 462 2139 quotquot
491 2078 549 2141 per
579 2054 727 2139 singulos
758 2054 829 2121 dies
859 2053 1007 2121 defuncti
1037 2055 1242 2141 pronuntiati
1271 2053 1412 2135 fuerint,
1441 2059 1494 2121 tot

300 2160 465 2244 stipendia
492 2162 652 2248 accipiat,
685 2170 752 2228 tam
784 2161 825 2228 dc
848 2162 1007 2248 panibus,
1031 2183 1131 2248 quam
1155 2159 1493 2248 robutissimam

299 2267 383 2333 sicut
406 2269 463 2348 eis,
486 2270 515 2335 ai
539 2268 719 2357 ri][rerent,
743 2268 913 2338 darentur.
953 2267 1112 2336 Similiter
1127 2291 1188 2355 pro
1201 2267 1279 2349 illis,
1302 2269 1491 2354 inquorum

298 2374 521 2444 anniuersario
543 2377 678 2463 plenum
701 2375 844 2443 officium
877 2378 935 2461 sit,
967 2382 1018 2443 tot
1047 2374 1238 2462 dispensas,
1266 2374 1318 2443 rel
1342 2375 1492 2462 justitias

298 2481 444 2567 recipiet,
468 2505 553 2568 quae
577 2485 755 2551 constitute
778 2483 901 2550 fuerint
923 2484 958 2550 in
981 2483 1064 2553 loco.
1104 2481 1335 2550 Pulmeutaria
1350 2503 1429 2550 raro
1450 2501 1493 2548 ex

299 2589 441 2673 coquina
464 2591 510 2656 ita
534 2590 655 2657 dentur
678 2613 699 2658 a
723 2591 967 2677 septimanariis
988 2588 1156 2672 fratribus,
1181 2589 1233 2657 uel
1256 2611 1278 2657 a
1300 2588 1493 2672 cellarariis,

299 2698 392 2780 ‹prrasi
422 2698 465 2764 ad
497 2721 642 2765 mensam
668 2698 858 2766 debuissent
881 2697 954 2765 dari
985 2722 1025 2765 ex
1049 2697 1217 2781 omnibus,
1241 2719 1307 2785 que
1329 2697 1376 2766 ibi
1397 2718 1493 2785 prae·

299 2812 459 2887 parantur
488 2805 531 2872 ad
562 2828 641 2874 usus
672 2806 809 2872 fratrum
841 2813 875 2872 ct
902 2807 935 2872 in
968 2805 1100 2872 situlam
1130 2806 1281 2889 mittant,
1317 2826 1418 2891 quam
1447 2802 1493 2871 rbi

299 2923 530 2997 praeparatam
562 2911 689 2980 habeat
719 2921 916 3000 procurator
945 2912 1060 2980 frater.
1106 2910 1265 2980 Similiter
1293 2917 1494 2999 praeparent

299 3017 382 3085 duas
407 3020 523 3088 situlas
546 3022 580 3088 in
605 3020 789 3088 refectorio.
836 3019 1024 3107 Praepositi
1047 3019 1128 3106 ipsis
1150 3018 1249 3104 loeis,
1272 3018 1493 3106 undecunque

300 3129 562 3214 rcrnearerint,¹)
590 3129 690 3196 istum
720 3126 862 3195 officium
893 3127 1075 3214 adimplere
1105 3126 1276 3194 studeant:
1304 3127 1404 3194 siilli
1425 3147 1492 3194 uon

301 3234 467 3324 fuerint,¹)
485 3236 676 3303 cellararius
693 3235 805 3316 faciat,
821 3245 958 3321 propter
973 3234 1153 3301 adunanda
1168 3233 1336 3321 stipendia
1349 3233 1491 3300 famulis.

297 3343 475 3431 .lejuniis¹)
487 3351 645 3430 ‹puattuor
657 3353 839 3429 temporum
855 3330 1026 3428 universis,
1042 3363 1128 3427 quae
1139 3342 1262 3409 circulo
1277 3341 1359 3408 anui
1375 3339 1492 3426 suut,¹)

299 3473 524 3537 quaecumque
547 3452 820 3528 remanserintex
838 3448 1023 3532 refectorio,
1047 3449 1081 3516 in
1104 3449 1168 3516 hoe
1182 3471 1266 3536 opus
1281 3454 1490 3532 censeantur,

299 3567 333 3624 et
363 3557 403 3624 de
434 3558 635 3623 intirmorum
660 3556 757 3623 domo
786 3556 902 3624 eadem
934 3556 1027 3623 fierit.
1080 3553 1239 3624 Similiter
1268 3555 1310 3623 de
1338 3554 1492 3623 omnibus

301 3664 433 3749 vigiliis,
470 3684 553 3748 quas
589 3662 808 3748 celebrant,¹)
841 3663 913 3730 tieri
946 3662 1056 3732 debet.
1115 3663 1168 3730 Ex
1203 3661 1326 3731 domiui
1348 3682 1491 3748 namque

299 3771 443 3837 aduentu
468 3791 569 3855 usque
592 3771 738 3837 natalem
768 3772 839 3855 ejus
868 3770 931 3838 luoc
957 3770 1125 3838 decretum
1148 3777 1209 3840 est.
1255 3769 1290 3837 A
1313 3770 1423 3857 capite
1439 3768 1491 3855 je·

298 3877 378 3964 junii
410 3898 514 3962 usque
544 3875 586 3942 ad
618 3878 784 3963 pascalem
818 3878 1084 3964 solempnitatem
1107 3878 1239 3959 cotidie,
1263 3876 1409 3964 exceptis
1431 3873 1491 3944 do·

299 3983 425 4050 minicis
450 3982 575 4065 diebus,
601 3986 710 4052 omnia
735 3985 885 4052 similiter
908 3983 1029 4051 dentur
1051 3985 1085 4051 in
1109 3984 1363 4071 eelemosynam.
1399 3980 1490 4049 Nam

299 4093 368 4176 ipse
392 4090 495 4157 frater
518 4112 591 4158 oum
617 4094 684 4159 suis
709 4091 882 4179 adjutoriis
905 4099 939 4159 et
963 4092 1026 4160 hoo
1048 4091 1149 4159 debet
1174 4090 1367 4178 adiniplere,
1400 4088 1490 4157 ride·

298 4198 375 4264 licet
391 4200 478 4284 prati
497 4198 642 4281 secandi,
666 4198 753 4286 quod
765 4222 805 4266 ex
817 4199 889 4285 ipso
901 4198 1069 4267 meliorem
1085 4198 1213 4279 viderit,
1228 4197 1319 4265 etad
1333 4196 1490 4264 latrinam

300 4304 440 4371 fratrum
466 4304 636 4392 deportari
660 4327 770 4373 curam
795 4307 963 4393 suscipiat
1009 4304 1203 4372 Lumiuaria
1231 4305 1265 4372 in
1288 4303 1491 4388 dormitorio,

389 4537 410 4601 ¹)
430 4538 545 4595 asama
1309 4589 1312 4594 .

352 4627 534 4670 commanus·
548 4626 697 4670 uomina.
1345 4620 1380 4678 12
