<?xml version="1.0" encoding="UTF-8"?>
<!DOCTYPE html PUBLIC "-//W3C//DTD XHTML 1.0 Transitional//EN"
    "http://www.w3.org/TR/xhtml1/DTD/xhtml1-transitional.dtd">
<html xmlns="http://www.w3.org/1999/xhtml" xml:lang="en" lang="en">
 <head>
  <title>
</title>
<meta http-equiv="Content-Type" content="text/html;charset=utf-8" />
  <meta name='ocr-system' content='tesseract 3.04.00' />
  <meta name='ocr-capabilities' content='ocr_page ocr_carea ocr_par ocr_line ocrx_word'/>
</head>
<body>
  <div class='ocr_page' id='page_1' title='image "./consuetudinesmo00albegoog_0193.png"; bbox 0 0 3792 5375; ppageno 0'>
   <div class='ocr_carea' id='block_1_1' title="bbox 880 529 1104 592">
    <p class='ocr_par' dir='ltr' id='par_1_1' title="bbox 880 529 1104 592">
     <span class='ocr_line' id='line_1_1' title="bbox 880 529 1104 592; baseline 0.004 -17"><span class='ocrx_word' id='word_1_1' title='bbox 880 529 1104 592; x_wconf 68' lang='lat'>..32-</span> 
     </span>
    </p>
   </div>
   <div class='ocr_carea' id='block_1_2' title="bbox 402 719 1668 1767">
    <p class='ocr_par' dir='ltr' id='par_1_2' title="bbox 402 719 1668 1767">
     <span class='ocr_line' id='line_1_2' title="bbox 405 719 1582 804; baseline -0.001 -18"><span class='ocrx_word' id='word_1_2' title='bbox 405 720 587 787; x_wconf 76' lang='lat' dir='ltr'>caelelrrent</span> <span class='ocrx_word' id='word_1_3' title='bbox 608 722 690 786; x_wconf 84' lang='lat' dir='ltr'>sicut</span> <span class='ocrx_word' id='word_1_4' title='bbox 715 720 748 786; x_wconf 91' lang='lat' dir='ltr'>in</span> <span class='ocrx_word' id='word_1_5' title='bbox 771 719 853 786; x_wconf 82' lang='lat' dir='ltr'>libro</span> <span class='ocrx_word' id='word_1_6' title='bbox 884 731 1162 787; x_wconf 83' lang='lat' dir='ltr'>sacramentorum</span> <span class='ocrx_word' id='word_1_7' title='bbox 1191 720 1396 804; x_wconf 76' lang='lat' dir='ltr'>continetur3</span> <span class='ocrx_word' id='word_1_8' title='bbox 1420 719 1464 786; x_wconf 91' lang='lat' dir='ltr'>ud</span> <span class='ocrx_word' id='word_1_9' title='bbox 1489 720 1582 804; x_wconf 88' lang='lat' dir='ltr'>cujus</span> 
     </span>
     <span class='ocr_line' id='line_1_3' title="bbox 405 825 1583 921; baseline 0.003 -29"><span class='ocrx_word' id='word_1_10' title='bbox 405 827 619 914; x_wconf 73' lang='lat' dir='ltr'>expletionem</span> <span class='ocrx_word' id='word_1_11' title='bbox 642 836 776 894; x_wconf 82' lang='lat' dir='ltr'>serretur</span> <span class='ocrx_word' id='word_1_12' title='bbox 798 829 923 912; x_wconf 79' lang='lat' dir='ltr'>signum</span> <span class='ocrx_word' id='word_1_13' title='bbox 953 835 987 893; x_wconf 86' lang='lat' dir='ltr'>et</span> <span class='ocrx_word' id='word_1_14' title='bbox 1011 828 1127 894; x_wconf 88' lang='lat' dir='ltr'>iterum</span> <span class='ocrx_word' id='word_1_15' title='bbox 1157 832 1262 893; x_wconf 88' lang='lat' dir='ltr'>orent.</span> <span class='ocrx_word' id='word_1_16' title='bbox 1298 825 1487 921; x_wconf 79' lang='lat' dir='ltr'>Sarritores</span> <span class='ocrx_word' id='word_1_17' title='bbox 1506 848 1583 895; x_wconf 86' lang='lat' dir='ltr'>rero</span> 
     </span>
     <span class='ocr_line' id='line_1_4' title="bbox 405 932 1582 1019; baseline 0.001 -20"><span class='ocrx_word' id='word_1_18' title='bbox 405 942 480 1000; x_wconf 88' lang='lat' dir='ltr'>eant</span> <span class='ocrx_word' id='word_1_19' title='bbox 502 934 639 1000; x_wconf 84' lang='lat' dir='ltr'>mixtum</span> <span class='ocrx_word' id='word_1_20' title='bbox 670 934 819 1018; x_wconf 85' lang='lat' dir='ltr'>accipere</span> <span class='ocrx_word' id='word_1_21' title='bbox 848 942 880 1000; x_wconf 88' lang='lat' dir='ltr'>et</span> <span class='ocrx_word' id='word_1_22' title='bbox 904 933 1013 1000; x_wconf 88' lang='lat' dir='ltr'>denuo</span> <span class='ocrx_word' id='word_1_23' title='bbox 1037 932 1209 1019; x_wconf 75' lang='lat' dir='ltr'><strong>pulsentur</strong></span> <span class='ocrx_word' id='word_1_24' title='bbox 1232 934 1361 1018; x_wconf 81' lang='lat' dir='ltr'>signum</span> <span class='ocrx_word' id='word_1_25' title='bbox 1385 942 1419 1000; x_wconf 88' lang='lat' dir='ltr'>et</span> <span class='ocrx_word' id='word_1_26' title='bbox 1440 932 1582 1000; x_wconf 88' lang='lat' dir='ltr'>reddant</span> 
     </span>
     <span class='ocr_line' id='line_1_5' title="bbox 405 1038 1582 1127; baseline 0.001 -20"><span class='ocrx_word' id='word_1_27' title='bbox 405 1043 527 1108; x_wconf 84' lang='lat' dir='ltr'>lroranr.</span> <span class='ocrx_word' id='word_1_28' title='bbox 574 1038 737 1127; x_wconf 79' lang='lat' dir='ltr'>Quicquid</span> <span class='ocrx_word' id='word_1_29' title='bbox 767 1047 875 1108; x_wconf 86' lang='lat' dir='ltr'>autem</span> <span class='ocrx_word' id='word_1_30' title='bbox 899 1041 932 1106; x_wconf 91' lang='lat' dir='ltr'>iu</span> <span class='ocrx_word' id='word_1_31' title='bbox 956 1042 1028 1126; x_wconf 87' lang='lat' dir='ltr'>ipso</span> <span class='ocrx_word' id='word_1_32' title='bbox 1056 1039 1108 1106; x_wconf 87' lang='lat' dir='ltr'>die</span> <span class='ocrx_word' id='word_1_33' title='bbox 1131 1040 1325 1106; x_wconf 76' lang='lat' dir='ltr'>remanserit</span> <span class='ocrx_word' id='word_1_34' title='bbox 1353 1040 1385 1106; x_wconf 91' lang='lat' dir='ltr'>in</span> <span class='ocrx_word' id='word_1_35' title='bbox 1410 1039 1582 1108; x_wconf 79' lang='lat' dir='ltr'>refectorio</span> 
     </span>
     <span class='ocr_line' id='line_1_6' title="bbox 404 1146 1581 1234; baseline -0.001 -21"><span class='ocrx_word' id='word_1_36' title='bbox 404 1148 658 1234; x_wconf 79' lang='lat' dir='ltr'>elemosynarius</span> <span class='ocrx_word' id='word_1_37' title='bbox 681 1146 830 1233; x_wconf 87' lang='lat' dir='ltr'>accipiat.</span> <span class='ocrx_word' id='word_1_38' title='bbox 877 1146 1032 1233; x_wconf 81' lang='lat' dir='ltr'>Sagimen</span> <span class='ocrx_word' id='word_1_39' title='bbox 1056 1147 1090 1213; x_wconf 93' lang='lat' dir='ltr'>in</span> <span class='ocrx_word' id='word_1_40' title='bbox 1112 1146 1174 1213; x_wconf 83' lang='lat' dir='ltr'>lrac</span> <span class='ocrx_word' id='word_1_41' title='bbox 1201 1146 1255 1213; x_wconf 89' lang='lat' dir='ltr'>die</span> <span class='ocrx_word' id='word_1_42' title='bbox 1277 1168 1341 1212; x_wconf 88' lang='lat' dir='ltr'>nec</span> <span class='ocrx_word' id='word_1_43' title='bbox 1363 1147 1581 1215; x_wconf 87' lang='lat' dir='ltr'>commedant.</span> 
     </span>
     <span class='ocr_line' id='line_1_7' title="bbox 404 1252 1582 1340; baseline -0.001 -20"><span class='ocrx_word' id='word_1_44' title='bbox 404 1253 554 1340; x_wconf 83' lang='lat' dir='ltr'>Dumque</span> <span class='ocrx_word' id='word_1_45' title='bbox 577 1252 621 1320; x_wconf 87' lang='lat' dir='ltr'>ad</span> <span class='ocrx_word' id='word_1_46' title='bbox 650 1275 794 1320; x_wconf 86' lang='lat' dir='ltr'>mensam</span> <span class='ocrx_word' id='word_1_47' title='bbox 826 1253 981 1334; x_wconf 84' lang='lat' dir='ltr'>sederint,</span> <span class='ocrx_word' id='word_1_48' title='bbox 1012 1253 1179 1320; x_wconf 81' lang='lat' dir='ltr'>secretarii</span> <span class='ocrx_word' id='word_1_49' title='bbox 1203 1259 1323 1320; x_wconf 87' lang='lat' dir='ltr'>urrrent</span> <span class='ocrx_word' id='word_1_50' title='bbox 1351 1252 1582 1339; x_wconf 83' lang='lat' dir='ltr'>presbiterium</span> 
     </span>
     <span class='ocr_line' id='line_1_8' title="bbox 403 1358 1583 1447; baseline 0.001 -21"><span class='ocrx_word' id='word_1_51' title='bbox 403 1369 502 1447; x_wconf 84' lang='lat' dir='ltr'>atque</span> <span class='ocrx_word' id='word_1_52' title='bbox 513 1360 646 1428; x_wconf 81' lang='lat' dir='ltr'>chorum</span> <span class='ocrx_word' id='word_1_53' title='bbox 664 1367 696 1428; x_wconf 91' lang='lat' dir='ltr'>et</span> <span class='ocrx_word' id='word_1_54' title='bbox 718 1361 1005 1446; x_wconf 73' lang='lat' dir='ltr'>circumponuntur</span> <span class='ocrx_word' id='word_1_55' title='bbox 1021 1381 1165 1446; x_wconf 76' lang='lat' dir='ltr'>sagmae,</span> <span class='ocrx_word' id='word_1_56' title='bbox 1186 1360 1219 1426; x_wconf 90' lang='lat' dir='ltr'>in</span> <span class='ocrx_word' id='word_1_57' title='bbox 1235 1358 1393 1427; x_wconf 84' lang='lat' dir='ltr'>summias</span> <span class='ocrx_word' id='word_1_58' title='bbox 1409 1380 1474 1427; x_wconf 87' lang='lat' dir='ltr'>nun</span> <span class='ocrx_word' id='word_1_59' title='bbox 1490 1369 1583 1447; x_wconf 85' lang='lat' dir='ltr'>tape-</span> 
     </span>
     <span class='ocr_line' id='line_1_9' title="bbox 403 1466 1668 1561; baseline 0.001 -27"><span class='ocrx_word' id='word_1_60' title='bbox 403 1469 450 1535; x_wconf 84' lang='lat' dir='ltr'>tia</span> <span class='ocrx_word' id='word_1_61' title='bbox 472 1474 730 1553; x_wconf 85' lang='lat' dir='ltr'>supersternant.</span> <span class='ocrx_word' id='word_1_62' title='bbox 776 1466 818 1533; x_wconf 92' lang='lat' dir='ltr'>In</span> <span class='ocrx_word' id='word_1_63' title='bbox 847 1489 925 1534; x_wconf 84' lang='lat' dir='ltr'>arcu</span> <span class='ocrx_word' id='word_1_64' title='bbox 954 1466 1125 1553; x_wconf 85' lang='lat' dir='ltr'>principali</span> <span class='ocrx_word' id='word_1_65' title='bbox 1149 1466 1329 1533; x_wconf 84' lang='lat' dir='ltr'>extendant</span> <span class='ocrx_word' id='word_1_66' title='bbox 1351 1466 1485 1553; x_wconf 87' lang='lat' dir='ltr'>pallium</span> <span class='ocrx_word' id='word_1_67' title='bbox 1502 1489 1583 1535; x_wconf 90' lang='lat' dir='ltr'>auro</span> <span class='ocrx_word' id='word_1_68' title='bbox 1664 1555 1668 1561; x_wconf 86' lang='lat'><em>.</em></span> 
     </span>
     <span class='ocr_line' id='line_1_10' title="bbox 403 1573 1580 1660; baseline -0.002 -19"><span class='ocrx_word' id='word_1_69' title='bbox 403 1581 528 1641; x_wconf 86' lang='lat' dir='ltr'>textum</span> <span class='ocrx_word' id='word_1_70' title='bbox 562 1583 595 1640; x_wconf 91' lang='lat' dir='ltr'>et</span> <span class='ocrx_word' id='word_1_71' title='bbox 629 1596 669 1640; x_wconf 84' lang='lat' dir='ltr'>ex</span> <span class='ocrx_word' id='word_1_72' title='bbox 705 1581 842 1659; x_wconf 84' lang='lat' dir='ltr'>utraque</span> <span class='ocrx_word' id='word_1_73' title='bbox 872 1583 968 1660; x_wconf 90' lang='lat' dir='ltr'>parte</span> <span class='ocrx_word' id='word_1_74' title='bbox 1005 1574 1150 1641; x_wconf 86' lang='lat' dir='ltr'>tunicam</span> <span class='ocrx_word' id='word_1_75' title='bbox 1178 1573 1392 1659; x_wconf 78' lang='lat' dir='ltr'>singularum.</span> <span class='ocrx_word' id='word_1_76' title='bbox 1448 1573 1580 1641; x_wconf 82' lang='lat' dir='ltr'>Altaria</span> 
     </span>
     <span class='ocr_line' id='line_1_11' title="bbox 402 1675 1582 1767; baseline -0.002 -18"><span class='ocrx_word' id='word_1_77' title='bbox 402 1689 519 1749; x_wconf 83' lang='lat' dir='ltr'>ornent</span> <span class='ocrx_word' id='word_1_78' title='bbox 551 1679 722 1766; x_wconf 81' lang='lat' dir='ltr'>glitirtieis,</span> <span class='ocrx_word' id='word_1_79' title='bbox 763 1680 842 1747; x_wconf 88' lang='lat' dir='ltr'>illud</span> <span class='ocrx_word' id='word_1_80' title='bbox 872 1680 960 1767; x_wconf 85' lang='lat' dir='ltr'>quod</span> <span class='ocrx_word' id='word_1_81' title='bbox 983 1690 1035 1748; x_wconf 85' lang='lat' dir='ltr'>est</span> <span class='ocrx_word' id='word_1_82' title='bbox 1062 1680 1096 1747; x_wconf 91' lang='lat' dir='ltr'>in</span> <span class='ocrx_word' id='word_1_83' title='bbox 1125 1679 1283 1748; x_wconf 87' lang='lat' dir='ltr'>honorem</span> <span class='ocrx_word' id='word_1_84' title='bbox 1313 1680 1460 1765; x_wconf 85' lang='lat' dir='ltr'>ejusdem</span> <span class='ocrx_word' id='word_1_85' title='bbox 1493 1675 1582 1748; x_wconf 79' lang='lat' dir='ltr'>beati</span> 
     </span>
    </p>
   </div>
   <div class='ocr_carea' id='block_1_3' title="bbox 338 1786 1583 1874">
    <p class='ocr_par' dir='ltr' id='par_1_3' title="bbox 338 1786 1583 1874">
     <span class='ocr_line' id='line_1_12' title="bbox 338 1786 1583 1874; baseline 0.002 -20"><span class='ocrx_word' id='word_1_86' title='bbox 338 1847 341 1854; x_wconf 34' lang='lat' dir='ltr'><em>s</em></span> <span class='ocrx_word' id='word_1_87' title='bbox 403 1796 453 1856; x_wconf 87' lang='lat' dir='ltr'>est</span> <span class='ocrx_word' id='word_1_88' title='bbox 462 1789 486 1874; x_wconf 89' lang='lat'>¹)</span> <span class='ocrx_word' id='word_1_89' title='bbox 516 1796 735 1855; x_wconf 79' lang='lat' dir='ltr'>constructum</span> <span class='ocrx_word' id='word_1_90' title='bbox 768 1787 901 1873; x_wconf 84' lang='lat' dir='ltr'>pallium</span> <span class='ocrx_word' id='word_1_91' title='bbox 929 1786 1165 1854; x_wconf 83' lang='lat' dir='ltr'>circumdatum</span> <span class='ocrx_word' id='word_1_92' title='bbox 1202 1795 1340 1873; x_wconf 74' lang='lat' dir='ltr'>argento</span> <span class='ocrx_word' id='word_1_93' title='bbox 1370 1797 1583 1874; x_wconf 78' lang='lat' dir='ltr'>superponat.</span> 
     </span>
    </p>
   </div>
   <div class='ocr_carea' id='block_1_4' title="bbox 154 3245 376 3570">
    <p class='ocr_par' dir='ltr' id='par_1_4' title="bbox 154 3245 376 3507">
     <span class='ocr_line' id='line_1_13' title="bbox 199 3245 332 3285; baseline -0.008 0"><span class='ocrx_word' id='word_1_94' title='bbox 199 3248 229 3285; x_wconf 65' lang='lat'>‘⁸1</span> <span class='ocrx_word' id='word_1_95' title='bbox 252 3245 332 3285; x_wconf 73' lang='lat' dir='ltr'>Seruio</span> 
     </span>
     <span class='ocr_line' id='line_1_14' title="bbox 155 3316 376 3358; baseline -0.014 0"><span class='ocrx_word' id='word_1_96' title='bbox 155 3316 376 3358; x_wconf 55' lang='lat' dir='ltr'>(Uitellianam.</span> 
     </span>
     <span class='ocr_line' id='line_1_15' title="bbox 154 3386 375 3437; baseline -0.018 -7"><span class='ocrx_word' id='word_1_97' title='bbox 154 3386 375 3437; x_wconf 63' lang='lat' dir='ltr'>&amp;sormunpavu</span> 
     </span>
     <span class='ocr_line' id='line_1_16' title="bbox 156 3458 376 3507; baseline -0.009 -7"><span class='ocrx_word' id='word_1_98' title='bbox 156 3460 183 3501; x_wconf 83' lang='lat' dir='ltr'>l&#39;.</span> <span class='ocrx_word' id='word_1_99' title='bbox 199 3459 231 3500; x_wconf 65' lang='lat'>1„</span> <span class='ocrx_word' id='word_1_100' title='bbox 251 3458 376 3507; x_wconf 69' lang='grc' dir='ltr'><strong>ΧΧΧΥΙΙΙ,</strong></span> 
     </span>
    </p>

    <p class='ocr_par' dir='ltr' id='par_1_5' title="bbox 239 3530 299 3570">
     <span class='ocr_line' id='line_1_17' title="bbox 239 3530 299 3570; baseline 0 -2"><span class='ocrx_word' id='word_1_101' title='bbox 239 3530 299 3570; x_wconf 74' lang='lat' dir='ltr'>tata.</span> 
     </span>
    </p>
   </div>
   <div class='ocr_carea' id='block_1_5' title="bbox 216 3616 310 3658">
    <p class='ocr_par' dir='ltr' id='par_1_6' title="bbox 216 3616 310 3658">
     <span class='ocr_line' id='line_1_18' title="bbox 216 3616 310 3658; baseline 0 0"><span class='ocrx_word' id='word_1_102' title='bbox 216 3616 256 3658; x_wconf 75' lang='lat' dir='ltr'>nt.</span> <span class='ocrx_word' id='word_1_103' title='bbox 269 3618 310 3658; x_wconf 66' lang='lat'>52*</span> 
     </span>
    </p>
   </div>
   <div class='ocr_carea' id='block_1_6' title="bbox 155 3704 376 3958">
    <p class='ocr_par' dir='ltr' id='par_1_7' title="bbox 156 3704 376 3749">
     <span class='ocr_line' id='line_1_19' title="bbox 156 3704 376 3749; baseline 0.005 -4"><span class='ocrx_word' id='word_1_104' title='bbox 156 3709 184 3749; x_wconf 71' lang='lat' dir='ltr'>ab,</span> <span class='ocrx_word' id='word_1_105' title='bbox 203 3704 256 3747; x_wconf 73' lang='lat' dir='ltr'>ub.</span> <span class='ocrx_word' id='word_1_106' title='bbox 266 3705 296 3746; x_wconf 92' lang='grc' dir='ltr'>ΙΙ.</span> <span class='ocrx_word' id='word_1_107' title='bbox 310 3708 376 3746; x_wconf 82' lang='lat' dir='ltr'>t&#39;orn·</span> 
     </span>
    </p>

    <p class='ocr_par' dir='ltr' id='par_1_8' title="bbox 155 3777 375 3819">
     <span class='ocr_line' id='line_1_20' title="bbox 155 3777 375 3819; baseline -0.009 0"><span class='ocrx_word' id='word_1_108' title='bbox 155 3782 232 3819; x_wconf 76' lang='lat' dir='ltr'>ment.</span> <span class='ocrx_word' id='word_1_109' title='bbox 241 3778 263 3817; x_wconf 76' lang='lat' dir='ltr'>tn</span> <span class='ocrx_word' id='word_1_110' title='bbox 271 3777 375 3818; x_wconf 64' lang='lat' dir='ltr'>baeer.</span> 
     </span>
    </p>

    <p class='ocr_par' dir='ltr' id='par_1_9' title="bbox 156 3848 375 3958">
     <span class='ocr_line' id='line_1_21' title="bbox 156 3848 375 3897; baseline 0 -8"><span class='ocrx_word' id='word_1_111' title='bbox 156 3849 184 3889; x_wconf 84' lang='lat' dir='ltr'>P.</span> <span class='ocrx_word' id='word_1_112' title='bbox 205 3848 232 3889; x_wconf 55' lang='lat' dir='ltr'>la</span> <span class='ocrx_word' id='word_1_113' title='bbox 247 3848 296 3897; x_wconf 67' lang='grc' dir='ltr'>Μ’,</span> <span class='ocrx_word' id='word_1_114' title='bbox 315 3850 375 3889; x_wconf 67' lang='lat' dir='ltr'>lata.</span> 
     </span>
     <span class='ocr_line' id='line_1_22' title="bbox 235 3920 301 3958; baseline 0 0"><span class='ocrx_word' id='word_1_115' title='bbox 235 3929 257 3958; x_wconf 82' lang='lat' dir='ltr'>e.</span> <span class='ocrx_word' id='word_1_116' title='bbox 268 3920 301 3958; x_wconf 63' lang='grc' dir='ltr'>ἵν.</span> 
     </span>
    </p>
   </div>
   <div class='ocr_carea' id='block_1_7' title="bbox 166 4271 376 4319">
    <p class='ocr_par' dir='ltr' id='par_1_10' title="bbox 166 4271 376 4319">
     <span class='ocr_line' id='line_1_23' title="bbox 166 4271 376 4319; baseline 0.005 -5"><span class='ocrx_word' id='word_1_117' title='bbox 166 4286 182 4315; x_wconf 78' lang='grc'>(,</span> <span class='ocrx_word' id='word_1_118' title='bbox 194 4271 334 4319; x_wconf 67' lang='grc' dir='ltr'>Εεε11,ΧΙΥ,</span> <span class='ocrx_word' id='word_1_119' title='bbox 342 4274 376 4315; x_wconf 70' lang='grc'>22.</span> 
     </span>
    </p>
   </div>
   <div class='ocr_carea' id='block_1_8' title="bbox 174 4379 361 4431">
    <p class='ocr_par' dir='ltr' id='par_1_11' title="bbox 174 4379 361 4431">
     <span class='ocr_line' id='line_1_24' title="bbox 174 4379 361 4431; baseline 0.021 -14"><span class='ocrx_word' id='word_1_120' title='bbox 174 4380 201 4421; x_wconf 67' lang='lat' dir='ltr'>xt,</span> <span class='ocrx_word' id='word_1_121' title='bbox 220 4380 277 4419; x_wconf 53' lang='lat' dir='ltr'>lanc.</span> <span class='ocrx_word' id='word_1_122' title='bbox 294 4379 361 4431; x_wconf 71' lang='lat'><strong>¹1⁶3·</strong></span> 
     </span>
    </p>
   </div>
   <div class='ocr_carea' id='block_1_9' title="bbox 402 1894 1635 4551">
    <p class='ocr_par' dir='ltr' id='par_1_12' title="bbox 402 1894 1635 4551">
     <span class='ocr_line' id='line_1_25' title="bbox 403 1894 1582 1981; baseline -0.001 -19"><span class='ocrx_word' id='word_1_123' title='bbox 403 1896 444 1963; x_wconf 92' lang='lat' dir='ltr'>In</span> <span class='ocrx_word' id='word_1_124' title='bbox 466 1895 582 1981; x_wconf 88' lang='lat' dir='ltr'>majori</span> <span class='ocrx_word' id='word_1_125' title='bbox 595 1904 668 1962; x_wconf 86' lang='lat' dir='ltr'>octo</span> <span class='ocrx_word' id='word_1_126' title='bbox 692 1894 803 1972; x_wconf 88' lang='lat' dir='ltr'>libros,</span> <span class='ocrx_word' id='word_1_127' title='bbox 823 1903 929 1962; x_wconf 85' lang='lat' dir='ltr'>textos</span> <span class='ocrx_word' id='word_1_128' title='bbox 952 1917 1034 1961; x_wconf 77' lang='lat' dir='ltr'>aruo</span> <span class='ocrx_word' id='word_1_129' title='bbox 1057 1902 1156 1980; x_wconf 85' lang='lat' dir='ltr'>atque</span> <span class='ocrx_word' id='word_1_130' title='bbox 1179 1902 1316 1980; x_wconf 79' lang='lat' dir='ltr'>argento</span> <span class='ocrx_word' id='word_1_131' title='bbox 1340 1901 1414 1963; x_wconf 85' lang='lat' dir='ltr'>cunr</span> <span class='ocrx_word' id='word_1_132' title='bbox 1436 1895 1582 1981; x_wconf 76' lang='lat' dir='ltr'>gemmis,</span> 
     </span>
     <span class='ocr_line' id='line_1_26' title="bbox 403 2000 1582 2090; baseline -0.001 -21"><span class='ocrx_word' id='word_1_133' title='bbox 403 2012 469 2071; x_wconf 86' lang='lat' dir='ltr'>tres</span> <span class='ocrx_word' id='word_1_134' title='bbox 492 2024 604 2070; x_wconf 88' lang='lat' dir='ltr'>cruces</span> <span class='ocrx_word' id='word_1_135' title='bbox 627 2023 745 2070; x_wconf 73' lang='lat' dir='ltr'>:narreris</span> <span class='ocrx_word' id='word_1_136' title='bbox 770 2002 1019 2090; x_wconf 80' lang='lat' dir='ltr'>instnunent0²)</span> <span class='ocrx_word' id='word_1_137' title='bbox 1047 2000 1219 2088; x_wconf 76' lang='lat' dir='ltr'>lignorum.</span> <span class='ocrx_word' id='word_1_138' title='bbox 1261 2001 1357 2069; x_wconf 85' lang='lat' dir='ltr'>Cerei</span> <span class='ocrx_word' id='word_1_139' title='bbox 1380 2009 1460 2069; x_wconf 85' lang='lat' dir='ltr'>ante</span> <span class='ocrx_word' id='word_1_140' title='bbox 1475 2002 1582 2088; x_wconf 89' lang='lat' dir='ltr'>ipsum</span> 
     </span>
     <span class='ocr_line' id='line_1_27' title="bbox 403 2107 1632 2196; baseline 0.002 -21"><span class='ocrx_word' id='word_1_141' title='bbox 403 2110 584 2190; x_wconf 81' lang='lat' dir='ltr'>duodecim,</span> <span class='ocrx_word' id='word_1_142' title='bbox 607 2117 696 2176; x_wconf 89' lang='lat' dir='ltr'>retro</span> <span class='ocrx_word' id='word_1_143' title='bbox 719 2116 792 2176; x_wconf 88' lang='lat' dir='ltr'>octo</span> <span class='ocrx_word' id='word_1_144' title='bbox 814 2119 846 2175; x_wconf 90' lang='lat' dir='ltr'>et</span> <span class='ocrx_word' id='word_1_145' title='bbox 862 2132 921 2196; x_wconf 86' lang='lat' dir='ltr'>per</span> <span class='ocrx_word' id='word_1_146' title='bbox 944 2107 1198 2194; x_wconf 83' lang='lat' dir='ltr'>unumquodque</span> <span class='ocrx_word' id='word_1_147' title='bbox 1215 2131 1256 2176; x_wconf 84' lang='lat' dir='ltr'>ex</span> <span class='ocrx_word' id='word_1_148' title='bbox 1279 2108 1362 2190; x_wconf 90' lang='lat' dir='ltr'>aliis,</span> <span class='ocrx_word' id='word_1_149' title='bbox 1386 2130 1473 2196; x_wconf 84' lang='lat' dir='ltr'>quae</span> <span class='ocrx_word' id='word_1_150' title='bbox 1484 2111 1581 2195; x_wconf 86' lang='lat' dir='ltr'>juxta</span> <span class='ocrx_word' id='word_1_151' title='bbox 1629 2143 1632 2149; x_wconf 88' lang='lat'><strong>·</strong></span> 
     </span>
     <span class='ocr_line' id='line_1_28' title="bbox 402 2213 1583 2303; baseline 0 -19"><span class='ocrx_word' id='word_1_152' title='bbox 402 2225 489 2303; x_wconf 83' lang='lat' dir='ltr'>sunt,</span> <span class='ocrx_word' id='word_1_153' title='bbox 512 2217 662 2283; x_wconf 83' lang='lat' dir='ltr'>situnne</span> <span class='ocrx_word' id='word_1_154' title='bbox 692 2215 916 2283; x_wconf 85' lang='lat' dir='ltr'>tarrtumnrodo</span> <span class='ocrx_word' id='word_1_155' title='bbox 940 2237 1064 2283; x_wconf 84' lang='lat' dir='ltr'>cereus.</span> <span class='ocrx_word' id='word_1_156' title='bbox 1110 2213 1167 2281; x_wconf 82' lang='lat' dir='ltr'>Ad</span> <span class='ocrx_word' id='word_1_157' title='bbox 1191 2213 1376 2302; x_wconf 78' lang='lat' dir='ltr'>Vesperarn</span> <span class='ocrx_word' id='word_1_158' title='bbox 1399 2216 1493 2302; x_wconf 76' lang='lat' dir='ltr'>signu</span> <span class='ocrx_word' id='word_1_159' title='bbox 1517 2238 1583 2284; x_wconf 90' lang='lat' dir='ltr'>non</span> 
     </span>
     <span class='ocr_line' id='line_1_29' title="bbox 403 2320 1583 2410; baseline 0.001 -20"><span class='ocrx_word' id='word_1_160' title='bbox 403 2323 467 2392; x_wconf 82' lang='lat' dir='ltr'>duo</span> <span class='ocrx_word' id='word_1_161' title='bbox 481 2323 616 2410; x_wconf 83' lang='lat' dir='ltr'>pariter,</span> <span class='ocrx_word' id='word_1_162' title='bbox 640 2322 698 2390; x_wconf 85' lang='lat' dir='ltr'>sed</span> <span class='ocrx_word' id='word_1_163' title='bbox 722 2345 822 2389; x_wconf 85' lang='lat' dir='ltr'>unum</span> <span class='ocrx_word' id='word_1_164' title='bbox 844 2323 1015 2390; x_wconf 88' lang='lat' dir='ltr'>sonabitur</span> <span class='ocrx_word' id='word_1_165' title='bbox 1038 2322 1197 2409; x_wconf 89' lang='lat' dir='ltr'>inprimis.</span> <span class='ocrx_word' id='word_1_166' title='bbox 1237 2320 1439 2409; x_wconf 76' lang='lat' dir='ltr'>Capitulum,</span> <span class='ocrx_word' id='word_1_167' title='bbox 1463 2327 1583 2392; x_wconf 84' lang='lat' dir='ltr'>Prius·</span> 
     </span>
     <span class='ocr_line' id='line_1_30' title="bbox 402 2425 1583 2520; baseline -0.003 -23"><span class='ocrx_word' id='word_1_168' title='bbox 402 2457 501 2520; x_wconf 83' lang='lat' dir='ltr'>quam</span> <span class='ocrx_word' id='word_1_169' title='bbox 526 2444 557 2499; x_wconf 87' lang='lat' dir='ltr'>te</span> <span class='ocrx_word' id='word_1_170' title='bbox 573 2425 777 2516; x_wconf 68' lang='lat' dir='ltr'>serratarum.</span> <span class='ocrx_word' id='word_1_171' title='bbox 823 2429 1091 2516; x_wconf 86' lang='lat' dir='ltr'>Responsoriurn,</span> <span class='ocrx_word' id='word_1_172' title='bbox 1114 2432 1335 2500; x_wconf 75' lang='lat' dir='ltr'>Praeerasar.</span> <span class='ocrx_word' id='word_1_173' title='bbox 1371 2429 1513 2513; x_wconf 88' lang='lat' dir='ltr'>Ymnus,</span> <span class='ocrx_word' id='word_1_174' title='bbox 1543 2434 1583 2501; x_wconf 78' lang='lat' dir='ltr'>(lt</span> 
     </span>
     <span class='ocr_line' id='line_1_31' title="bbox 403 2535 1582 2626; baseline -0.002 -20"><span class='ocrx_word' id='word_1_175' title='bbox 403 2551 525 2626; x_wconf 81' lang='lat' dir='ltr'>queant</span> <span class='ocrx_word' id='word_1_176' title='bbox 545 2541 646 2607; x_wconf 60' lang='lat' dir='ltr'>lanei.</span> <span class='ocrx_word' id='word_1_177' title='bbox 692 2535 890 2620; x_wconf 76' lang='lat' dir='ltr'>l&#39;ersieulus,</span> <span class='ocrx_word' id='word_1_178' title='bbox 914 2541 995 2605; x_wconf 78' lang='lat' dir='ltr'>Erit</span> <span class='ocrx_word' id='word_1_179' title='bbox 1016 2542 1100 2605; x_wconf 83' lang='lat' dir='ltr'>erriru</span> <span class='ocrx_word' id='word_1_180' title='bbox 1126 2561 1269 2624; x_wconf 77' lang='lat' dir='ltr'>reeagnns</span> <span class='ocrx_word' id='word_1_181' title='bbox 1293 2561 1406 2605; x_wconf 83' lang='lat' dir='ltr'>curam</span> <span class='ocrx_word' id='word_1_182' title='bbox 1430 2540 1582 2606; x_wconf 83' lang='lat' dir='ltr'>Dueur&#39;ne.</span> 
     </span>
     <span class='ocr_line' id='line_1_32' title="bbox 403 2644 1635 2733; baseline -0.001 -19"><span class='ocrx_word' id='word_1_183' title='bbox 403 2644 599 2715; x_wconf 82' lang='lat' dir='ltr'>Sacerdotes</span> <span class='ocrx_word' id='word_1_184' title='bbox 632 2644 697 2713; x_wconf 88' lang='lat' dir='ltr'>duo</span> <span class='ocrx_word' id='word_1_185' title='bbox 730 2644 909 2713; x_wconf 85' lang='lat' dir='ltr'>induantur</span> <span class='ocrx_word' id='word_1_186' title='bbox 944 2645 1060 2733; x_wconf 89' lang='lat' dir='ltr'>cappis</span> <span class='ocrx_word' id='word_1_187' title='bbox 1094 2644 1344 2714; x_wconf 79' lang='lat' dir='ltr'>circumfument</span> <span class='ocrx_word' id='word_1_188' title='bbox 1380 2644 1501 2713; x_wconf 84' lang='lat' dir='ltr'>altaria</span> <span class='ocrx_word' id='word_1_189' title='bbox 1536 2644 1584 2713; x_wconf 92' lang='lat' dir='ltr'>in·</span> <span class='ocrx_word' id='word_1_190' title='bbox 1631 2696 1635 2705; x_wconf 86' lang='lat'><em>.</em></span> 
     </span>
     <span class='ocr_line' id='line_1_33' title="bbox 403 2751 1583 2840; baseline 0.001 -21"><span class='ocrx_word' id='word_1_191' title='bbox 403 2776 510 2824; x_wconf 84' lang='lat' dir='ltr'>censo.</span> <span class='ocrx_word' id='word_1_192' title='bbox 555 2751 766 2840; x_wconf 76' lang='lat' dir='ltr'>Antiphone,</span> <span class='ocrx_word' id='word_1_193' title='bbox 798 2757 954 2839; x_wconf 58' lang='lat' dir='ltr'>lauressa</span> <span class='ocrx_word' id='word_1_194' title='bbox 977 2755 1166 2837; x_wconf 75' lang='lat' dir='ltr'>Zacharia,</span> <span class='ocrx_word' id='word_1_195' title='bbox 1198 2753 1286 2820; x_wconf 87' lang='lat' dir='ltr'>trina</span> <span class='ocrx_word' id='word_1_196' title='bbox 1309 2753 1380 2821; x_wconf 83' lang='lat' dir='ltr'>rice</span> <span class='ocrx_word' id='word_1_197' title='bbox 1403 2759 1583 2840; x_wconf 85' lang='lat' dir='ltr'>repetatur.</span> 
     </span>
     <span class='ocr_line' id='line_1_34' title="bbox 405 2859 1583 2953; baseline 0 -25"><span class='ocrx_word' id='word_1_198' title='bbox 405 2859 555 2941; x_wconf 84' lang='lat' dir='ltr'>Oretuus,</span> <span class='ocrx_word' id='word_1_199' title='bbox 579 2863 723 2928; x_wconf 83' lang='lat' dir='ltr'>Praesta</span> <span class='ocrx_word' id='word_1_200' title='bbox 744 2883 942 2953; x_wconf 75' lang='lat' dir='ltr'>quaesumus</span> <span class='ocrx_word' id='word_1_201' title='bbox 960 2863 1159 2947; x_wconf 60' lang='lat' dir='ltr'>eerrrrepatens</span> <span class='ocrx_word' id='word_1_202' title='bbox 1179 2864 1270 2943; x_wconf 80' lang='lat' dir='ltr'>detes,</span> <span class='ocrx_word' id='word_1_203' title='bbox 1295 2873 1333 2928; x_wconf 88' lang='lat' dir='ltr'>ut</span> <span class='ocrx_word' id='word_1_204' title='bbox 1345 2863 1491 2948; x_wconf 82' lang='lat' dir='ltr'>faenilia</span> <span class='ocrx_word' id='word_1_205' title='bbox 1515 2875 1583 2929; x_wconf 89' lang='lat' dir='ltr'>tna.</span> 
     </span>
     <span class='ocr_line' id='line_1_35' title="bbox 405 2966 1583 3053; baseline 0 -20"><span class='ocrx_word' id='word_1_206' title='bbox 405 2966 462 3034; x_wconf 81' lang='lat' dir='ltr'>au</span> <span class='ocrx_word' id='word_1_207' title='bbox 484 2967 660 3034; x_wconf 88' lang='lat' dir='ltr'>stationem</span> <span class='ocrx_word' id='word_1_208' title='bbox 683 2967 931 3053; x_wconf 85' lang='lat' dir='ltr'>responsorium,</span> <span class='ocrx_word' id='word_1_209' title='bbox 956 2969 1048 3035; x_wconf 80' lang='lat' dir='ltr'>luter</span> <span class='ocrx_word' id='word_1_210' title='bbox 1070 2980 1172 3034; x_wconf 83' lang='lat' dir='ltr'>reatos.</span> <span class='ocrx_word' id='word_1_211' title='bbox 1219 2966 1384 3034; x_wconf 79' lang='lat' dir='ltr'>Sacerdos</span> <span class='ocrx_word' id='word_1_212' title='bbox 1407 2966 1499 3034; x_wconf 83' lang='lat' dir='ltr'>dicat</span> <span class='ocrx_word' id='word_1_213' title='bbox 1514 2989 1583 3035; x_wconf 87' lang='lat' dir='ltr'>rer·</span> 
     </span>
     <span class='ocr_line' id='line_1_36' title="bbox 404 3072 1582 3160; baseline 0.003 -21"><span class='ocrx_word' id='word_1_214' title='bbox 404 3097 474 3140; x_wconf 87' lang='lat' dir='ltr'>sum</span> <span class='ocrx_word' id='word_1_215' title='bbox 498 3082 598 3160; x_wconf 82' lang='lat' dir='ltr'>atque</span> <span class='ocrx_word' id='word_1_216' title='bbox 621 3074 791 3142; x_wconf 86' lang='lat' dir='ltr'>collectam</span> <span class='ocrx_word' id='word_1_217' title='bbox 814 3096 853 3140; x_wconf 80' lang='lat' dir='ltr'>ex</span> <span class='ocrx_word' id='word_1_218' title='bbox 876 3074 947 3160; x_wconf 92' lang='lat' dir='ltr'>ipso</span> <span class='ocrx_word' id='word_1_219' title='bbox 971 3072 1080 3158; x_wconf 75' lang='lat' dir='ltr'>beruto,</span> <span class='ocrx_word' id='word_1_220' title='bbox 1106 3096 1190 3160; x_wconf 68' lang='lat' dir='ltr'>«luas</span> <span class='ocrx_word' id='word_1_221' title='bbox 1214 3072 1302 3140; x_wconf 79' lang='lat' dir='ltr'>velit.</span> <span class='ocrx_word' id='word_1_222' title='bbox 1348 3073 1407 3140; x_wconf 88' lang='lat' dir='ltr'>Ad</span> <span class='ocrx_word' id='word_1_223' title='bbox 1430 3073 1582 3142; x_wconf 83' lang='lat' dir='ltr'>inritato·</span> 
     </span>
     <span class='ocr_line' id='line_1_37' title="bbox 404 3179 1582 3270; baseline 0.002 -22"><span class='ocrx_word' id='word_1_224' title='bbox 404 3182 489 3248; x_wconf 81' lang='lat' dir='ltr'>rium</span> <span class='ocrx_word' id='word_1_225' title='bbox 517 3188 675 3269; x_wconf 86' lang='lat' dir='ltr'>quattuor</span> <span class='ocrx_word' id='word_1_226' title='bbox 704 3182 778 3250; x_wconf 74' lang='lat' dir='ltr'>sintv</span> <span class='ocrx_word' id='word_1_227' title='bbox 799 3179 991 3246; x_wconf 84' lang='lat' dir='ltr'>circumdati</span> <span class='ocrx_word' id='word_1_228' title='bbox 1021 3181 1146 3266; x_wconf 85' lang='lat' dir='ltr'>cuppis.</span> <span class='ocrx_word' id='word_1_229' title='bbox 1198 3180 1342 3261; x_wconf 80' lang='lat' dir='ltr'>anuus,</span> <span class='ocrx_word' id='word_1_230' title='bbox 1380 3182 1425 3249; x_wconf 82' lang='lat' dir='ltr'>Ut</span> <span class='ocrx_word' id='word_1_231' title='bbox 1452 3194 1582 3270; x_wconf 85' lang='lat' dir='ltr'>queant.</span> 
     </span>
     <span class='ocr_line' id='line_1_38' title="bbox 403 3287 1584 3372; baseline 0.003 -17"><span class='ocrx_word' id='word_1_232' title='bbox 403 3288 578 3357; x_wconf 73' lang='lat' dir='ltr'>lectiones</span> <span class='ocrx_word' id='word_1_233' title='bbox 609 3296 683 3357; x_wconf 90' lang='lat' dir='ltr'>octo</span> <span class='ocrx_word' id='word_1_234' title='bbox 713 3310 753 3355; x_wconf 87' lang='lat' dir='ltr'>ex</span> <span class='ocrx_word' id='word_1_235' title='bbox 782 3309 928 3356; x_wconf 87' lang='lat' dir='ltr'>sermone</span> <span class='ocrx_word' id='word_1_236' title='bbox 958 3288 1065 3354; x_wconf 70' lang='lat' dir='ltr'>amoti</span> <span class='ocrx_word' id='word_1_237' title='bbox 1091 3287 1272 3372; x_wconf 77' lang='lat' dir='ltr'>augustini,</span> <span class='ocrx_word' id='word_1_238' title='bbox 1296 3290 1379 3356; x_wconf 83' lang='lat' dir='ltr'>Diei</span> <span class='ocrx_word' id='word_1_239' title='bbox 1405 3291 1584 3358; x_wconf 76' lang='lat' dir='ltr'>hodiernae</span> 
     </span>
     <span class='ocr_line' id='line_1_39' title="bbox 403 3394 1583 3484; baseline -0.001 -21"><span class='ocrx_word' id='word_1_240' title='bbox 403 3399 614 3484; x_wconf 78' lang='lat' dir='ltr'>solempnitas</span> <span class='ocrx_word' id='word_1_241' title='bbox 647 3398 808 3484; x_wconf 80' lang='lat' dir='ltr'>saleuepne</span> <span class='ocrx_word' id='word_1_242' title='bbox 840 3394 1054 3462; x_wconf 64' lang='lat' dir='ltr'>desiderante)</span> <span class='ocrx_word' id='word_1_243' title='bbox 1105 3394 1146 3461; x_wconf 93' lang='lat' dir='ltr'>In</span> <span class='ocrx_word' id='word_1_244' title='bbox 1176 3395 1274 3461; x_wconf 89' lang='lat' dir='ltr'>tertia</span> <span class='ocrx_word' id='word_1_245' title='bbox 1306 3394 1416 3480; x_wconf 70' lang='lat' dir='ltr'>uigilia.</span> <span class='ocrx_word' id='word_1_246' title='bbox 1446 3416 1583 3482; x_wconf 79' lang='lat' dir='ltr'>evange·</span> 
     </span>
     <span class='ocr_line' id='line_1_40' title="bbox 403 3500 1583 3590; baseline -0.002 -20"><span class='ocrx_word' id='word_1_247' title='bbox 403 3504 493 3586; x_wconf 88' lang='lat' dir='ltr'>lium,</span> <span class='ocrx_word' id='word_1_248' title='bbox 517 3505 709 3572; x_wconf 82' lang='lat' dir='ltr'>Helisabetlr</span> <span class='ocrx_word' id='word_1_249' title='bbox 732 3505 897 3590; x_wconf 81' lang='lat' dir='ltr'>irnpletnm</span> <span class='ocrx_word' id='word_1_250' title='bbox 920 3513 978 3570; x_wconf 81' lang='lat' dir='ltr'>est.</span> <span class='ocrx_word' id='word_1_251' title='bbox 1024 3500 1178 3568; x_wconf 88' lang='lat' dir='ltr'>Homelia</span> <span class='ocrx_word' id='word_1_252' title='bbox 1208 3501 1314 3568; x_wconf 86' lang='lat' dir='ltr'>sancti</span> <span class='ocrx_word' id='word_1_253' title='bbox 1338 3500 1495 3568; x_wconf 86' lang='lat' dir='ltr'>ambrosii</span> <span class='ocrx_word' id='word_1_254' title='bbox 1517 3503 1583 3588; x_wconf 91' lang='lat' dir='ltr'>epi·</span> 
     </span>
     <span class='ocr_line' id='line_1_41' title="bbox 403 3608 1583 3699; baseline -0.003 -20"><span class='ocrx_word' id='word_1_255' title='bbox 403 3611 511 3699; x_wconf 78' lang='lat' dir='ltr'>scopi,</span> <span class='ocrx_word' id='word_1_256' title='bbox 542 3613 654 3679; x_wconf 84' lang='lat' dir='ltr'>Habet</span> <span class='ocrx_word' id='word_1_257' title='bbox 685 3624 717 3679; x_wconf 90' lang='lat' dir='ltr'>et</span> <span class='ocrx_word' id='word_1_258' title='bbox 749 3624 936 3677; x_wconf 73' lang='lat' dir='ltr'>surrecturum</span> <span class='ocrx_word' id='word_1_259' title='bbox 960 3610 1060 3676; x_wconf 79' lang='lat' dir='ltr'>editio</span> <span class='ocrx_word' id='word_1_260' title='bbox 1092 3612 1255 3677; x_wconf 77' lang='lat' dir='ltr'>laetitiam</span> <span class='ocrx_word' id='word_1_261' title='bbox 1277 3610 1505 3697; x_wconf 76' lang='lat' dir='ltr'>pluriuearune</span> <span class='ocrx_word' id='word_1_262' title='bbox 1518 3608 1583 3698; x_wconf 74' lang='lat'>][⁰&#39;‘</span> 
     </span>
     <span class='ocr_line' id='line_1_42' title="bbox 403 3698 1583 3806; baseline -0.003 -21"><span class='ocrx_word' id='word_1_263' title='bbox 403 3718 611 3806; x_wconf 84' lang='lat' dir='ltr'>responsoria</span> <span class='ocrx_word' id='word_1_264' title='bbox 635 3708 701 3783; x_wconf 84' lang='lat' dir='ltr'>duo</span> <span class='ocrx_word' id='word_1_265' title='bbox 733 3698 767 3783; x_wconf 84' lang='lat' dir='ltr'>et</span> <span class='ocrx_word' id='word_1_266' title='bbox 789 3714 854 3782; x_wconf 90' lang='lat' dir='ltr'>duo</span> <span class='ocrx_word' id='word_1_267' title='bbox 884 3714 1005 3782; x_wconf 81' lang='lat' dir='ltr'>iratres</span> <span class='ocrx_word' id='word_1_268' title='bbox 1037 3715 1132 3781; x_wconf 88' lang='lat' dir='ltr'>simul</span> <span class='ocrx_word' id='word_1_269' title='bbox 1162 3722 1282 3781; x_wconf 85' lang='lat' dir='ltr'>cuneta</span> <span class='ocrx_word' id='word_1_270' title='bbox 1311 3714 1583 3801; x_wconf 83' lang='lat' dir='ltr'>pronuntiabunt,</span> 
     </span>
     <span class='ocr_line' id='line_1_43' title="bbox 404 3820 1619 3911; baseline -0.002 -20"><span class='ocrx_word' id='word_1_271' title='bbox 404 3824 630 3892; x_wconf 79' lang='lat' dir='ltr'>duodecimum</span> <span class='ocrx_word' id='word_1_272' title='bbox 660 3846 681 3890; x_wconf 88' lang='lat' dir='ltr'>a</span> <span class='ocrx_word' id='word_1_273' title='bbox 711 3824 819 3909; x_wconf 87' lang='lat' dir='ltr'>eapite</span> <span class='ocrx_word' id='word_1_274' title='bbox 842 3830 917 3908; x_wconf 86' lang='lat' dir='ltr'>post</span> <span class='ocrx_word' id='word_1_275' title='bbox 940 3823 1060 3891; x_wconf 73' lang='lat' dir='ltr'>Gaura</span> <span class='ocrx_word' id='word_1_276' title='bbox 1076 3826 1177 3911; x_wconf 75' lang='lat' dir='ltr'>patri</span> <span class='ocrx_word' id='word_1_277' title='bbox 1197 3828 1377 3908; x_wconf 89' lang='lat' dir='ltr'>repetatur.</span> <span class='ocrx_word' id='word_1_278' title='bbox 1412 3820 1454 3887; x_wconf 93' lang='lat' dir='ltr'>In</span> <span class='ocrx_word' id='word_1_279' title='bbox 1477 3822 1584 3909; x_wconf 88' lang='lat' dir='ltr'>primo</span> <span class='ocrx_word' id='word_1_280' title='bbox 1615 3824 1619 3833; x_wconf 84' lang='grc'><em>“</em></span> 
     </span>
     <span class='ocr_line' id='line_1_44' title="bbox 403 3928 1582 4015; baseline -0.003 -17"><span class='ocrx_word' id='word_1_281' title='bbox 403 3940 437 3998; x_wconf 88' lang='lat' dir='ltr'>et</span> <span class='ocrx_word' id='word_1_282' title='bbox 465 3930 609 3998; x_wconf 86' lang='lat' dir='ltr'>seeundo</span> <span class='ocrx_word' id='word_1_283' title='bbox 632 3937 791 3997; x_wconf 87' lang='lat' dir='ltr'>nocturno</span> <span class='ocrx_word' id='word_1_284' title='bbox 821 3936 888 3996; x_wconf 91' lang='lat' dir='ltr'>tres</span> <span class='ocrx_word' id='word_1_285' title='bbox 918 3929 1005 3997; x_wconf 85' lang='lat' dir='ltr'>cerei</span> <span class='ocrx_word' id='word_1_286' title='bbox 1035 3938 1112 3996; x_wconf 89' lang='lat' dir='ltr'>ante</span> <span class='ocrx_word' id='word_1_287' title='bbox 1143 3928 1259 4009; x_wconf 88' lang='lat' dir='ltr'>altare,</span> <span class='ocrx_word' id='word_1_288' title='bbox 1289 3929 1455 4015; x_wconf 85' lang='lat' dir='ltr'>posterius</span> <span class='ocrx_word' id='word_1_289' title='bbox 1489 3950 1582 3996; x_wconf 87' lang='lat' dir='ltr'>unus.</span> 
     </span>
     <span class='ocr_line' id='line_1_45' title="bbox 402 4033 1583 4122; baseline -0.001 -17"><span class='ocrx_word' id='word_1_290' title='bbox 402 4037 459 4105; x_wconf 85' lang='lat' dir='ltr'>Ad</span> <span class='ocrx_word' id='word_1_291' title='bbox 482 4039 612 4105; x_wconf 82' lang='lat' dir='ltr'>cantion</span> <span class='ocrx_word' id='word_1_292' title='bbox 636 4035 848 4122; x_wconf 83' lang='lat' dir='ltr'>multiplicent</span> <span class='ocrx_word' id='word_1_293' title='bbox 865 4044 943 4102; x_wconf 73' lang='lat' dir='ltr'>rante</span> <span class='ocrx_word' id='word_1_294' title='bbox 959 4035 1067 4121; x_wconf 88' lang='lat' dir='ltr'>ipsum</span> <span class='ocrx_word' id='word_1_295' title='bbox 1082 4043 1215 4122; x_wconf 91' lang='lat' dir='ltr'>praeter</span> <span class='ocrx_word' id='word_1_296' title='bbox 1231 4034 1305 4102; x_wconf 92' lang='lat' dir='ltr'>illos</span> <span class='ocrx_word' id='word_1_297' title='bbox 1320 4056 1448 4103; x_wconf 85' lang='lat' dir='ltr'>norem.</span> <span class='ocrx_word' id='word_1_298' title='bbox 1479 4033 1583 4104; x_wconf 86' lang='lat' dir='ltr'>Retro</span> 
     </span>
     <span class='ocr_line' id='line_1_46' title="bbox 403 4141 1586 4231; baseline -0.002 -18"><span class='ocrx_word' id='word_1_299' title='bbox 403 4152 539 4230; x_wconf 85' lang='lat' dir='ltr'>septem.</span> <span class='ocrx_word' id='word_1_300' title='bbox 574 4143 615 4210; x_wconf 91' lang='lat' dir='ltr'>In</span> <span class='ocrx_word' id='word_1_301' title='bbox 637 4144 761 4229; x_wconf 88' lang='lat' dir='ltr'>pertiea</span> <span class='ocrx_word' id='word_1_302' title='bbox 786 4143 950 4228; x_wconf 80' lang='lat' dir='ltr'>adfigatur</span> <span class='ocrx_word' id='word_1_303' title='bbox 972 4142 1076 4215; x_wconf 63' lang='lat' dir='ltr'>xva.</span> <span class='ocrx_word' id='word_1_304' title='bbox 1115 4141 1267 4226; x_wconf 75' lang='lat' dir='ltr'>Cantica,</span> <span class='ocrx_word' id='word_1_305' title='bbox 1292 4144 1418 4209; x_wconf 80' lang='lat' dir='ltr'>Beatus</span> <span class='ocrx_word' id='word_1_306' title='bbox 1433 4146 1501 4222; x_wconf 82' lang='lat' dir='ltr'>uir,</span> <span class='ocrx_word' id='word_1_307' title='bbox 1525 4148 1586 4231; x_wconf 84' lang='lat' dir='ltr'>qui</span> 
     </span>
     <span class='ocr_line' id='line_1_47' title="bbox 403 4249 1583 4339; baseline -0.002 -20"><span class='ocrx_word' id='word_1_308' title='bbox 403 4250 658 4339; x_wconf 64' lang='lat' dir='ltr'>insapientiut‘)</span> <span class='ocrx_word' id='word_1_309' title='bbox 686 4249 900 4336; x_wconf 76' lang='lat' dir='ltr'>Evangelium</span> <span class='ocrx_word' id='word_1_310' title='bbox 910 4258 987 4336; x_wconf 89' lang='lat' dir='ltr'>post</span> <span class='ocrx_word' id='word_1_311' title='bbox 999 4250 1165 4334; x_wconf 80' lang='lat' dir='ltr'>lectiones,</span> <span class='ocrx_word' id='word_1_312' title='bbox 1185 4251 1380 4318; x_wconf 74' lang='lat' dir='ltr'>latisana</span> <span class='ocrx_word' id='word_1_313' title='bbox 1390 4251 1583 4337; x_wconf 75' lang='lat' dir='ltr'>lrirupletum</span> 
     </span>
     <span class='ocr_line' id='line_1_48' title="bbox 404 4355 1595 4445; baseline -0.001 -21"><span class='ocrx_word' id='word_1_314' title='bbox 404 4357 500 4425; x_wconf 70' lang='lat' dir='ltr'>esaei</span> <span class='ocrx_word' id='word_1_315' title='bbox 545 4357 742 4437; x_wconf 85' lang='lat' dir='ltr'>Ocllcctum,</span> <span class='ocrx_word' id='word_1_316' title='bbox 775 4360 916 4426; x_wconf 82' lang='lat' dir='ltr'>Concede</span> <span class='ocrx_word' id='word_1_317' title='bbox 945 4379 1146 4445; x_wconf 76' lang='lat' dir='ltr'>queaesurnus</span> <span class='ocrx_word' id='word_1_318' title='bbox 1175 4358 1378 4445; x_wconf 82' lang='lat' dir='ltr'>orrereipotens</span> <span class='ocrx_word' id='word_1_319' title='bbox 1404 4357 1497 4426; x_wconf 78' lang='lat' dir='ltr'>detes.</span> <span class='ocrx_word' id='word_1_320' title='bbox 1543 4355 1595 4436; x_wconf 64' lang='lat' dir='ltr'>In„</span> 
     </span>
     <span class='ocr_line' id='line_1_49' title="bbox 403 4460 1583 4551; baseline 0.002 -22"><span class='ocrx_word' id='word_1_321' title='bbox 403 4463 500 4531; x_wconf 78' lang='lat' dir='ltr'>laune</span> <span class='ocrx_word' id='word_1_322' title='bbox 523 4464 762 4551; x_wconf 85' lang='lat' dir='ltr'>responsorium</span> <span class='ocrx_word' id='word_1_323' title='bbox 784 4462 891 4548; x_wconf 75' lang='lat' dir='ltr'>breue,</span> <span class='ocrx_word' id='word_1_324' title='bbox 915 4466 1001 4537; x_wconf 79' lang='lat' dir='ltr'>Ecce</span> <span class='ocrx_word' id='word_1_325' title='bbox 1024 4467 1103 4532; x_wconf 82' lang='lat' dir='ltr'>dedi</span> <span class='ocrx_word' id='word_1_326' title='bbox 1123 4465 1225 4530; x_wconf 69' lang='lat' dir='ltr'>verm</span> <span class='ocrx_word' id='word_1_327' title='bbox 1249 4486 1333 4534; x_wconf 81' lang='lat' dir='ltr'>rrreu.</span> <span class='ocrx_word' id='word_1_328' title='bbox 1380 4460 1583 4548; x_wconf 79' lang='lat' dir='ltr'>Versiculos,</span> 
     </span>
    </p>
   </div>
   <div class='ocr_carea' id='block_1_10' title="bbox 492 4605 1492 4769">
    <p class='ocr_par' dir='ltr' id='par_1_13' title="bbox 492 4605 1492 4769">
     <span class='ocr_line' id='line_1_50' title="bbox 494 4605 1471 4678; baseline 0.002 -17"><span class='ocrx_word' id='word_1_329' title='bbox 494 4607 515 4675; x_wconf 81' lang='lat'>¹)</span> <span class='ocrx_word' id='word_1_330' title='bbox 534 4607 578 4663; x_wconf 86' lang='lat' dir='ltr'>Sic</span> <span class='ocrx_word' id='word_1_331' title='bbox 596 4606 700 4678; x_wconf 75' lang='lat' dir='ltr'>legitur</span> <span class='ocrx_word' id='word_1_332' title='bbox 716 4605 745 4663; x_wconf 87' lang='lat' dir='ltr'>in</span> <span class='ocrx_word' id='word_1_333' title='bbox 762 4612 849 4662; x_wconf 76' lang='lat' dir='ltr'>textu.</span> <span class='ocrx_word' id='word_1_334' title='bbox 1466 4654 1471 4663; x_wconf 94' lang='lat'><em>.</em></span> 
     </span>
     <span class='ocr_line' id='line_1_51' title="bbox 492 4694 1492 4769; baseline -0.001 -17"><span class='ocrx_word' id='word_1_335' title='bbox 492 4694 517 4767; x_wconf 74' lang='lat'>‘)</span> <span class='ocrx_word' id='word_1_336' title='bbox 535 4696 579 4752; x_wconf 87' lang='lat' dir='ltr'>lta</span> <span class='ocrx_word' id='word_1_337' title='bbox 598 4695 723 4769; x_wconf 83' lang='lat' dir='ltr'>priruitu:</span> <span class='ocrx_word' id='word_1_338' title='bbox 742 4695 771 4752; x_wconf 87' lang='lat' dir='ltr'>lu</span> <span class='ocrx_word' id='word_1_339' title='bbox 789 4702 880 4765; x_wconf 78' lang='lat' dir='ltr'>tertu3</span> <span class='ocrx_word' id='word_1_340' title='bbox 899 4705 996 4767; x_wconf 74' lang='lat' dir='ltr'>postea</span> <span class='ocrx_word' id='word_1_341' title='bbox 1015 4695 1043 4753; x_wconf 87' lang='lat' dir='ltr'>iu</span> <span class='ocrx_word' id='word_1_342' title='bbox 1062 4696 1313 4765; x_wconf 64' lang='lat' dir='ltr'>„tustnrueutuut</span> <span class='ocrx_word' id='word_1_343' title='bbox 1330 4703 1492 4753; x_wconf 82' lang='lat' dir='ltr'>correctura.</span> 
     </span>
    </p>
   </div>
   <div class='ocr_carea' id='block_1_11' title="bbox 0 0 1900 5375">
    <p class='ocr_par' dir='ltr' id='par_1_14' title="bbox 0 0 1900 5375">
     <span class='ocr_line' id='line_1_52' title="bbox 0 0 1900 5375; baseline 0 0"><span class='ocrx_word' id='word_1_344' title='bbox 0 0 1900 5375; x_wconf 95' lang='lat' dir='ltr'> </span> 
     </span>
    </p>
   </div>
  </div>
 </body>
</html>
