3792 5375
811 525 1057 589 -129-

344 733 501 810 qnantum
542 718 615 786 aliis
656 716 860 804 temporibus
902 714 945 784 de
986 716 1087 799 seria,
1132 725 1261 784 tautum
1306 716 1443 785 additur
1485 716 1528 786 de

343 838 604 1004 oct”CXXXI
628 931 670 998 In
694 931 873 999 testivitate
890 929 1006 999 Sancti
1021 928 1131 997 Britii.
1164 929 1223 996 Ad
1239 952 1393 1017 vesperas
1408 930 1528 1017 psalmi

343 1068 415 1110 oum
440 1038 617 1126 antiphona
639 1037 681 1105 de
704 1048 823 1106 octavu
846 1037 977 1105 dicendi
1001 1042 1088 1116 sunt,
1112 1037 1232 1116 omniu,
1257 1058 1344 1124 quae
1360 1045 1527 1124 secuntur,

343 1150 384 1218 de
407 1156 520 1218 sancto
543 1145 653 1212 britio.
698 1145 823 1213 Postea
844 1145 869 1233 11
891 1165 960 1211 non
987 1143 1117 1211 dicatur
1145 1143 1253 1211 orado
1282 1151 1317 1212 et
1346 1143 1529 1231 antiphona
1604 1164 1647 1205 nn
1662 1165 1698 1207 a«

342 1258 383 1324 ‹le
407 1262 520 1323 salicto
552 1252 702 1321 narnatino.
750 1251 807 1318 Ad
836 1250 1047 1319 nocturnalia
1076 1249 1236 1336 obsequia
1263 1248 1423 1319 lectiones
1451 1258 1526 1319 ueto

342 1364 382 1430 de
405 1364 475 1449 ejas
498 1360 565 1425 uita
587 1360 708 1443 legant.
753 1357 980 1443 Responsorin
1003 1356 1099 1423 nnius
1122 1355 1320 1423 contessoris
1344 1363 1525 1425 asmmaut.

343 1471 383 1537 ln
414 1468 511 1538 tertia
540 1466 652 1552 uigilia
680 1464 786 1531 1111or
808 1462 968 1530 lectiones
990 1485 1032 1531 ex
1063 1461 1205 1529 homelia
1232 1464 1376 1549 gregorii
1407 1485 1525 1550 papae,

343 1582 448 1647 llomo
470 1578 605 1663 qraenlam
624 1571 820 1660 peragrat)
864 1570 906 1637 In
931 1570 1101 1637 matutinis
1123 1568 1277 1638 laudibus
1300 1571 1334 1638 in
1357 1570 1526 1658 euangelio
1554 1590 1766 1644 tor-hmo.

341 1695 415 1770 post
437 1681 616 1750 (trudonem
640 1677 762 1745 dictam
790 1685 943 1764 repetant
973 1677 1189 1764 antiphonam
1220 1675 1263 1744 de
1292 1685 1409 1746 macto
1437 1700 1526 1746 mur·
1632 1665 1695 1707 ¹¹⁶⁴

341 1792 410 1859 tino
433 1811 504 1856 cnm
524 1787 651 1867 Clanis,
676 1793 710 1852 et
734 1771 1119 1851 matutinalem'missam
1141 1805 1182 1850 ex
1205 1805 1244 1852 eo
1260 1783 1384 1855 dicent.
1418 1784 1526 1872 Majo-

340 1921 408 1965 rem
433 1917 507 1963 roro
530 1916 588 1960 suo
612 1900 759 1978 tempore
783 1889 942 1978 impleant
964 1890 1007 1958 do
1028 1897 1213 1978 pretcstuto
1234 1889 1347 1961 beato.
1378 1889 1525 1979 Vespere

340 2004 543 2072 celebrentur
564 2001 598 2066 in
626 2000 698 2085 ejus
724 1998 873 2083 landem,
902 1997 999 2065 sicuti
1028 1998 1129 2064 moris
1158 2005 1210 2066 est
1239 2018 1399 2086 peragere
1428 1999 1525 2068 unius

340 2108 544 2179 consensoria

428 2214 620 2285 CXXXII.
644 2212 774 2281 Octauo
788 2212 895 2280 saneti
909 2213 1044 2280 martini
1067 2211 1184 2280 deifici.
1216 2210 1276 2280 Ad
1297 2211 1522 2281 invitatorium

339 2326 516 2393 induantur
538 2322 623 2389 albis
645 2320 711 2388 duo
735 2320 864 2389 Iratam
900 2318 1108 2406 Antiphone,
1133 2322 1328 2388 Adorames
1352 2321 1521 2389 Ckrahtsm

340 2436 477 2520 Regem.
508 2429 681 2496 Lectiones
704 2434 780 2495 octo
803 2425 844 2494 de
867 2427 940 2514 ejus
964 2427 1041 2508 vita,
1064 2426 1279 2513 consequenti
1305 2425 1420 2494 itidem
1440 2433 1523 2496 tonn-

339 2561 417 2625 pore
440 2537 647 2622 responsoria
668 2541 824 2622 promunt
845 2534 887 2602 de
910 2534 979 2600 suis
1002 2533 1154 2620 propriis,
1184 2536 1253 2603 Hic
1273 2548 1324 2602 est
1345 2538 1521 2604 martinus.

338 2646 379 2713 In
403 2644 518 2728 tertio,
546 2642 659 2729 legant
687 2641 863 2710 homeliam
892 2660 933 2707 ex
963 2639 1149 2727 euangelio,
1181 2642 1262 2713 Sint
1280 2643 1389 2711 ambi
1407 2643 1521 2712 vestri.

338 2753 475 2819 Missam
499 2750 686 2818 caelebrant
708 2749 887 2816 honorilice
918 2748 1004 2814 nont
1026 2748 1179 2836 superius
1200 2748 1385 2832 intulimus,
1415 2756 1450 2818 et
1471 2768 1521 2817 so·
1579 2773 1583 2779 ·

338 2859 501 2947 quentinm
530 2856 707 2923 melodient
735 2857 769 2922 in
799 2855 916 2924 eadem
945 2855 1010 2922 die
1055 2854 1115 2923 Ad
1144 2876 1299 2943 vesperas
1328 2855 1521 2944 antiphona,

339 2971 508 3035 nllartirms
529 2968 648 3032 adhuc.
695 2962 901 3048 Antiphone,
924 2967 1073 3033 Sanctae
1094 2966 1268 3031 emmane.
1312 2962 1520 3051 Antiphone,

338 3079 412 3162 Ego
433 3077 529 3157 signo
552 3073 671 3139 crucis.
705 3069 914 3156 Antiphone,
941 3072 1074 3158 Confido
1096 3073 1131 3137 in
1153 3072 1295 3138 domino.
1330 3069 1519 3157 Capitulum

337 3190 370 3249 et
392 3179 629 3269 responsorium
660 3176 702 3244 de
732 3175 984 3244 consessoribus.
1030 3175 1163 3244 Ymnus
1191 3182 1227 3245 et
1253 3177 1362 3245 oratio
1385 3176 1427 3246 de
1448 3177 1520 3265 ipso

337 3287 446 3357 beato.

425 3394 465 3461 In
488 3392 630 3459 crastino
661 3391 703 3458 de
733 3398 848 3458 sancto
876 3396 973 3477 putre
1004 3388 1134 3457 obdone
1161 3388 1262 3476 hujus
1290 3388 1356 3458 loci
1384 3398 1519 3515 pastore

335 3500 456 3567 saciant
472 3497 572 3564 ΧΙΙοἰ
590 3498 747 3565 lectiones
771 3498 856 3564 sicut
878 3495 1126 3565 consuetudinis
1141 3504 1193 3564 est
1206 3518 1407 3586 prosequere
1422 3498 1519 3567 unius

336 3604 538 3674 contessoris.
584 3602 715 3689 Oratio,
739 3608 932 3672 Interctsmb
954 3628 1012 3671 nos
1034 3625 1233 3692 quaesamus
1254 3607 1394 3675 domim

423 3710 633 3780 CXXXIII.
657 3711 698 3777 In
722 3709 900 3777 securitate
922 3717 1060 3777 sanetae
1083 3710 1225 3778 massine.
1263 3709 1322 3779 Ao
1345 3732 1518 3800 vesperum

333 3821 519 3908 capitulum,
546 3821 725 3906 Confitebor
740 3820 804 3887 tibi
824 3821 954 3885 dauniae
975 3841 1048 3887 rex.
1079 3816 1350 3903 Responsorium,
1375 3818 1518 3889 oleata

334 3931 457 3998 cecilia.
491 3923 620 4009 Oratio,
643 3929 747 4008 Deus,
764 3926 825 4012 qui
836 3948 959 3993 annua.
993 3923 1052 3990 Ad
1068 3923 1244 3991 stationem
1258 3925 1516 4014 responsorium,
1561 3944 1565 3950 ·

333 4036 424 4103 Dum
453 4057 579 4099 nemora
598 4035 704 4121 finem
727 4034 833 4099 daret.
880 4029 1057 4098 Lectiones
1079 4029 1232 4117 legantur
1255 4029 1299 4097 nd
1321 4032 1516 4102 nocturnale

333 4139 520 4228 obsequium
543 4139 583 4207 de
607 4139 677 4225 ejus
699 4139 863 4225 passione,
887 4138 1066 4204 Humanas
1080 4138 1198 4204 laudes
1211 4149 1244 4205 et
1257 4140 1450 4207 ruortaliam
1464 4143 1515 4209 sir·

320 4249 473 4335 sarasar>
498 4247 540 4313 In
556 4246 654 4314 tertio
668 4252 831 4313 nnctmno
845 4242 990 4311 homelia
1005 4243 1111 4310 suncti
1125 4242 1268 4329 gregorii
1283 4266 1393 4333 papae
1404 4245 1447 4314 de
1458 4268 1514 4315 ox·
1542 4263 1574 4309 o>
1587 4265 1760 4323 numo-r.

330 4354 489 4441 positione
503 4355 609 4421 sancti
628 4351 799 4438 euangelii,
818 4353 941 4421 Simile
958 4362 1008 4417 est
1017 4373 1160 4437 regnum
1172 4353 1340 4420 caelorum
1356 4355 1476 4420 decem.
1480 4352 1505 4406 (
1505 4352 1515 4407 )
1631 4341 1682 4383 ¹¹²

331 4462 386 4530 Ad
399 4461 570 4531 stationem
583 4458 836 4547 responsorium,
848 4459 1019 4526 Danaae
991 4479 1072 4545 jesu
1085 4461 1206 4525 christe
1211 4469 1343 4545 pastor
1360 4465 1395 4526 et
1405 4459 1514 4526 oratio
1541 4424 1760 4544 ‘'²2:1¹3'‘

330 4570 432 4656 ipsius
453 4568 579 4636 beatae
626 4566 766 4633 Missum
790 4562 980 4631 caelebrent
1002 4562 1104 4629 ueluti
1126 4569 1406 4632 sacramentorum
1435 4584 1512 4633 oon·

329 4676 413 4743 tinet
428 4673 631 4760 conscriptio.
661 4671 719 4739 Ad
743 4691 913 4773 vesperam
936 4667 1140 4755 antiphonae
1162 4668 1204 4737 de
1225 4669 1289 4755 his,
1312 4691 1405 4832 qnae⁰
1413 4692 1513 4758 super

385 4780 562 4825 consuasore·-
574 4779 722 4820 lenaticu-
