3792 5375
835 649 1080 712 -194-

272 886 273 889 =
362 848 510 912 auribus.
546 846 638 909 Deus
653 854 813 909 vrrrcrmrt
821 852 947 926 gereres.
984 843 1076 906 Dens
1091 843 1259 906 ultionrorr.
1296 842 1387 906 Deus
1403 838 1547 925 πυκίν’)

362 958 395 1017 ct
419 951 501 1017 alios
523 951 578 1035 qui
603 948 837 1033 sequuntur¹),
861 946 911 1012 sel
935 945 1126 1031 psalterium
1151 944 1350 1013 inchoentur.

451 1056 534 1124 Cium
559 1063 694 1142 peracta
717 1054 827 1121 omnia
850 1053 971 1118 suerint
993 1052 1163 1138 pulsentur
1185 1050 1309 1121 tabula.
1341 1052 1483 1118 Dicatur
1506 1049 1549 1118 ab

362 1164 483 1231 abbate
506 1164 556 1229 rel
581 1161 764 1244 sacerdote,
788 1162 844 1247 qni
867 1159 1121 1227 ebdomadarius
1144 1166 1204 1240 cst,
1229 1162 1333 1226 Pater
1356 1174 1474 1226 nester.
1505 1159 1551 1224 Et

363 1295 402 1340 ne
424 1295 490 1341 tros.
537 1269 726 1354 Capitulum
750 1270 835 1334 sicut
857 1268 890 1332 iu
914 1265 1102 1333 collectario
1126 1266 1344 1333 continentur.
1390 1263 1549 1346 Collecte,

365 1383 456 1446 Deus
478 1382 545 1444 rire
560 1381 660 1443 (lator
676 1382 709 1441 et
728 1375 823 1455 aliae,
848 1395 932 1458 qnae
948 1382 1137 1459 sequnntur.
1173 1371 1375 1457 Crructisque
1390 1371 1550 1438 fratribus

362 1508 434 1550 crim
458 1505 554 1550 cruce
577 1491 611 1549 et
634 1504 720 1567 aqna
745 1480 929 1562 benedicta,
953 1479 1130 1547 turibulum
1153 1480 1204 1546 rcl
1228 1478 1438 1546 candelabris
1454 1498 1549 1564 prae·

362 1590 553 1658 cedentibus
565 1598 598 1656 et
614 1589 675 1656 boc
690 1589 930 1673 responsorium
947 1585 1186 1672 imponentibus
1197 1587 1230 1671 ¹),
1248 1589 1425 1655 Subvenite
1440 1589 1551 1653 sancti

362 1703 431 1779 dei,
463 1698 628 1783 signisque
654 1695 847 1762 sonantibus
870 1694 914 1760 nd
938 1694 1108 1760 ecclesiam
1131 1694 1272 1779 primum
1295 1701 1409 1760 sancte
1434 1692 1549 1775 marie,

362 1806 468 1890 posito
497 1802 620 1870 t'eretro
651 1802 757 1869 altare
786 1803 988 1868 aromatizet.
1035 1801 1257 1886 Responsorio
1281 1798 1373 1866 tinito
1396 1800 1550 1866 dicantur

362 1933 485 1997 preces,
510 1914 541 1977 Α
563 1924 664 1996 porta
688 1911 803 1994 inferi.
851 1912 1013 1975 Dominus
1036 1911 1215 1975 vobiscum.
1261 1909 1404 1974 Etcum
1428 1907 1550 1993 spiritu

363 2033 432 2098 mo,
456 2039 516 2103 pro
539 2016 597 2083 illo
621 2015 831 2102 siugulan'ter
845 2016 964 2095 oratio,
987 2018 1080 2082 Deus
1095 2019 1211 2083 venias
1226 2018 1383 2099 largitor.
1420 2011 1551 2079 Deinde

363 2124 454 2191 aliud
477 2125 720 2210 responsorium
744 2124 958 2207 imponentes,
984 2125 1056 2189 Heu
1073 2122 1157 2189 nn‘lri
1170 2123 1307 2204 domine,
1334 2126 1368 2188 et
1382 2118 1552 2186 deleratur

362 2254 480 2317 conius
503 2232 537 2297 in
562 2231 795 2296 arnonasterinm
818 2230 948 2297 interim
973 2230 1073 2314 siguis
1095 2227 1304 2314 pulsantibus
1314 2226 1359 2313 ²),
1390 2227 1495 2294 donec
1516 2226 1551 2292 in

362 2340 434 2406 loco
461 2338 516 2403 ubi
544 2337 758 2404 constitutum
787 2345 838 2402 est
860 2337 1048 2406 collocetur.
1095 2335 1246 2402 Ponatur
1269 2355 1291 2401 a
1314 2334 1422 2419 eapite
1446 2333 1551 2400 cruci·

364 2446 458 2524 fixus,
481 2445 557 2511 hinc
581 2454 613 2511 et
637 2444 713 2510 inde
729 2442 930 2510 candelabra
945 2464 1112 2528 quousque
1127 2441 1172 2508 ibi
1188 2441 1406 2527 permanserit
1421 2462 1550 2526 corpus.

364 2552 458 2619 Tunc
493 2552 520 2617 si
555 2551 596 2618 de
631 2551 804 2617 refectorio
839 2549 882 2616 ad
917 2551 1016 2615 istam
1050 2550 1194 2616 revocati
1229 2548 1362 2615 inerant
1395 2554 1429 2615 et
1460 2546 1553 2614 illum

364 2660 511 2727 ordinem
541 2680 608 2725 non
639 2657 846 2745 perfecerant
876 2656 1040 2742 aliquibus
1069 2655 1243 2738 fratribus,
1274 2662 1311 2722 ut
1339 2653 1485 2742 psalmos
1509 2653 1554 2722 rbi

365 2773 516 2850 cantent,
547 2764 791 2833 remanentibus
821 2765 938 2850 reliqui
967 2764 1010 2830 ad
1032 2764 1240 2831 relectorium
1263 2769 1489 2847 revertantur,
1519 2773 1554 2830 et

366 2873 559 2958 ubicumque
575 2872 776 2955 dimiserant,
800 2870 845 2937 ibi
859 2871 1029 2956 incipiant,
1053 2870 1157 2937 donec
1174 2870 1307 2937 liniatur
1322 2868 1431 2952 lectio,
1451 2870 1554 2938 dicto·

365 3001 428 3066 que
451 3001 547 3045 sersu
570 2978 615 3046 ad
638 2978 809 3046 ecclesiam
832 2985 1051 3045 revertantur.
1212 2980 1215 2985 ’

456 3085 623 3172 Quamdiu
653 3085 724 3152 dies
754 3093 805 3151 cst
830 3086 927 3170 juxta
956 3106 1073 3171 corpus
1103 3083 1225 3150 debent
1247 3083 1362 3151 sedere
1385 3104 1498 3150 omnes
1521 3089 1555 3149 et

366 3193 511 3280 psalmos
541 3191 694 3279 dice][re,
724 3199 858 3277 praeter
880 3192 972 3272 illos,
1003 3191 1059 3276 qui
1081 3191 1116 3258 in
1138 3189 1261 3257 talibus
1283 3189 1382 3256 rebus
1404 3189 1555 3275 occupati

367 3308 462 3382 sunt,
493 3320 576 3385 quas
606 3299 738 3365 omnino
769 3298 934 3365 dimittere
965 3319 1031 3364 non
1053 3302 1200 3384 possunt.
1246 3295 1421 3364 Arrnarius
1444 3302 1556 3363 autem

367 3405 466 3473 debet
488 3407 521 3471 in
545 3404 662 3471 tabula
676 3405 869 3471 nominatim
886 3405 1006 3472 fratres
1021 3406 1159 3486 mittere,
1184 3405 1240 3490 qni
1255 3404 1394 3491 primam
1410 3402 1554 3488 vigiliam

367 3513 501 3593 saciant,
518 3520 551 3578 et
567 3511 755 3595 secundam,
773 3513 869 3579 etita
885 3514 969 3578 sicut
984 3513 1090 3578 noctis
1109 3519 1160 3579 est
1175 3509 1345 3597 longitudo
1360 3518 1555 3597 temperare,

367 3627 426 3686 aut
449 3626 487 3685 ut
508 3619 543 3685 in
566 3618 702 3703 singulis
726 3619 844 3704 vigiliis
867 3618 979 3685 dicant
994 3619 1187 3704 psalterium
1203 3640 1276 3686 cum
1292 3618 1396 3686 allicio
1412 3624 1555 3686 mortuo·

368 3747 439 3791 rum
470 3733 504 3792 et
527 3725 690 3790 matutina
717 3725 862 3810 ipsorum
893 3732 927 3791 et
949 3746 1085 3809 vespera
1108 3732 1142 3791 et
1164 3726 1308 3811 quinque
1331 3723 1475 3810 psalmos
1498 3734 1558 3793 aut

368 3830 421 3898 Ου’
449 3829 595 3917 psalmos
618 3839 651 3920 et
675 3830 825 3897 officium.
859 3832 943 3898 Post
966 3832 1144 3898 matutinas
1168 3853 1245 3899 vero
1262 3830 1378 3898 laudes
1393 3833 1422 3898 ai
1437 3832 1557 3899 fratres

369 3938 517 4022 exierint,
553 3938 671 4023 quibus
706 3938 798 4024 prior
824 3939 960 4024 jusserit
996 3938 1041 4004 ibi
1070 3945 1271 4019 remaneant,
1302 3945 1337 4004 et
1365 3938 1472 4024 ipsam
1500 3937 1557 4017 rbi,

369 4066 468 4131 qnam
491 4044 548 4112 alii
572 4047 606 4112 in
631 4044 761 4132 capella
785 4045 897 4112 dicunt
912 4045 1138 4131 psalmodiam,
1162 4052 1307 4112 cantent.
1342 4044 1465 4111 Postea
1480 4066 1558 4113 rere

369 4152 518 4237 magistri
553 4174 626 4218 cnm
661 4151 839 4218 infantibus
873 4152 1028 4238 quicquid
1065 4152 1171 4219 noctis
1209 4158 1375 4237 superest,
1414 4151 1557 4237 vigiliam

370 4257 504 4341 saciant,
529 4257 634 4326 donec
656 4258 710 4324 alii
728 4259 854 4344 possint
868 4258 988 4325 iratres
1003 4280 1165 4326 occurere.
1199 4257 1406 4345 Quicumque
1421 4265 1560 4345 possunt

370 4365 489 4430 missas
513 4363 632 4449 dicere,
656 4365 791 4446 faciant,
815 4373 850 4431 et
872 4366 915 4432 nd
939 4388 1058 4452 corpus
1073 4366 1190 4432 iterum
1205 4372 1423 4435 revertantur.
1453 4364 1560 4432 Missa

371 4492 447 4538 vero
481 4471 682 4538 matutinalis
717 4494 777 4556 pro
812 4471 884 4557 ipsa
919 4473 1028 4539 anima
1062 4472 1274 4559 solempniter
1308 4471 1492 4539 celebretur
1524 4472 1560 4540 iu

372 4576 491 4662 choro,
523 4578 697 4664 pulsentur
727 4579 837 4663 signa,
867 4587 1024 4665 quattuor
1053 4580 1145 4665 pueri
1175 4579 1241 4645 sint
1263 4578 1390 4660 restiti,
1420 4600 1504 4646 uuus
1526 4578 1561 4645 in

489 4732 586 4742 ...α-...-

463 4806 484 4876 ¹)
505 4806 621 4865 Rasurs.
784 4808 808 4877 ³)
827 4808 860 4865 ln
879 4813 975 4866 textu:
995 4809 1202 4881 ,perannat
