3792 5375
818 503 1020 564 -ς-

419 696 522 767 VIII.
546 696 645 763 Foris
667 695 735 766 VI·
759 692 989 781 pronuntietur
1010 692 1226 778 evangelium,

104 818 190 862 rom
204 821 260 873 aas
273 833 304 864 u.
419 806 601 889 Exurgers
623 806 745 871 oraria.
752 801 788 851 ⁴⁸)
809 800 1079 887 Respousoriunr,
1101 802 1314 867 Praecursor
1330 812 1397 886 pro
1420 801 1512 867 nobis

330 914 530 997 ingreditur.
576 910 616 976 In
639 907 886 975 matutinalibus
913 906 1067 973 laudibus
1094 906 1294 994 antiphona,
1326 908 1510 974 Intuemini.

330 1016 371 1084 In
394 1017 562 1105 evangelio
585 1015 774 1104 antiphona,
798 1016 853 1080 Fa
875 1040 948 1102 qno.

109 1136 198 1182 ¹⁸¹¹·e·
212 1140 254 1191 ¹¹¹.
269 1145 288 1182 ¹·
418 1122 566 1191 Sabbato
589 1121 816 1210 pronuntietur
838 1119 1055 1207 evangelium,
1079 1125 1178 1188 Arrno
1200 1119 1362 1206 quintae>

418 1230 692 1316 Respousorium,
722 1232 848 1296 Rorate
871 1232 955 1295 coeli
981 1231 1131 1314 etr-seper.
1179 1226 1219 1293 In
1248 1226 1401 1294 laudibus
1428 1225 1511 1293 onti-

328 1337 449 1423 pliona,
474 1340 599 1405 Rorote
622 1339 757 1405 coellet
776 1338 883 1416 aliae,
912 1357 999 1419 quae
1022 1333 1227 1427 conreniunt.
1274 1333 1315 1399 ln
1345 1332 1513 1417 evangelio

331 1444 521 1531 antiphona,
546 1444 662 1512 Onrnr‘s
683 1443 797 1511 oallrk.

418 1550 446 1639 ][
462 1550 530 1617 IX.
561 1551 739 1617 Festiritas
762 1549 868 1615 saneti
891 1547 1019 1615 Thome
1042 1549 1075 1613 iu
1099 1548 1214 1635 cuppis
1244 1546 1428 1614 celebretur
1450 1545 1514 1613 hoc

293 1652 296 1657 ’
332 1656 444 1725 nrodo:
483 1656 562 1724 Duo
596 1656 717 1724 fratres
746 1655 968 1721 invitatorium
1003 1653 1194 1741 persolvent
1221 1655 1255 1720 in
1285 1653 1409 1742 cappis.
1455 1652 1513 1719 Ad

331 1764 533 1850 euangelium
555 1763 779 1831 illuminentur
802 1760 868 1828 duo
891 1760 1094 1828 candelabra
1116 1783 1216 1847 super
1237 1760 1311 1842 niu,
1334 1782 1421 1846 quae
1437 1766 1514 1828 ants

331 1871 471 1954 suerent,
495 1869 539 1936 ad
562 1871 692 1937 missam
717 1875 852 1956 septem,
876 1875 909 1935 et
929 1890 1045 1935 onrnes
1061 1867 1251 1936 sacerdotes
1266 1873 1367 1954 atquo
1382 1868 1514 1935 diaconi

332 1978 398 2045 sint
419 1977 526 2045 induti
538 1978 664 2065 cappis.
694 1974 845 2063 Epistola
866 1977 1050 2061 tbiceeiqnc
1071 1976 1267 2045 rostrante
1301 1973 1513 2061 Sequentiaru

331 2084 530 2170 persolvant.
576 2084 790 2170 Evangelium
828 2082 961 2167 legatur
992 2085 1134 2150 erorrras
1166 2081 1330 2152 autent.“¹l
1381 2079 1418 2149 si
1442 2081 1515 2167 ipse

333 2190 492 2259 festivitas
501 2191 529 2279 ¹)
552 2193 696 2258 evenerit
726 2190 779 2257 die
808 2188 1038 2269 sabbatorum,
1062 2187 1150 2274 quod
1173 2195 1224 2255 est
1240 2188 1359 2274 jejunii
1385 2187 1514 2271 decimi,

333 2306 407 2386 post
429 2299 607 2385 capitulum
631 2298 767 2366 sedeant
790 2294 909 2363 fratres
932 2297 967 2362 iu
989 2296 1150 2378 claustro,
1180 2302 1299 2363 recent
1319 2294 1515 2363 lectionibus

333 2403 535 2491 usquedum
559 2406 686 2489 signum
707 2403 811 2471 horae
834 2403 953 2470 tertiae
976 2403 1168 2489 pudsarerit
1215 2401 1366 2470 Infantes
1388 2402 1516 2470 socium

333 2534 426 2579 suum
449 2512 641 2599 capitulum.
675 2511 751 2599 Quo
773 2516 909 2597 peracto
932 2516 1026 2576 sonet
1042 2509 1238 2577 secretarius
1254 2509 1382 2595 signum
1396 2511 1514 2580 minus.

334 2620 422 2687 Dum
444 2618 528 2686 horn
550 2619 649 2686 tertia
670 2618 768 2686 fuerit
789 2615 939 2706 pulsetur
968 2617 1096 2701 signum
1126 2623 1160 2684 et
1182 2617 1379 2685 conveniant
1402 2638 1516 2685 omnes

332 2727 366 2793 in
397 2727 585 2811 ecelesiam,
624 2727 749 2795 lacmut
782 2725 965 2792 orationem
999 2730 1033 2790 et
1066 2723 1247 2791 induantur
1279 2726 1406 2792 cunctis
1434 2746 1517 2812 quos

333 2833 556 2920 praediximus
577 2835 726 2921 inprimis
748 2831 834 2900 albis
856 2840 889 2899 et
913 2838 988 2918 post
1013 2831 1163 2917 tertium,
1197 2853 1270 2898 cnm
1294 2831 1385 2899 dicta
1407 2832 1515 2916 suerit,

334 2943 448 3029 cappis
470 2949 504 3008 et
527 2941 694 3009 celebrent
715 2941 860 3007 missam.
911 2939 995 3005 Post
1019 2944 1145 3004 sextam
1169 2961 1242 3006 cum
1264 2945 1394 3025 ternpus
1417 2938 1517 3006 suerit

333 3050 452 3116 missae
480 3049 597 3134 jejunii
619 3055 754 3116 sonetur
775 3047 901 3130 signum
925 3048 1033 3132 majus
1055 3046 1314 3132 conveniantque
1337 3067 1450 3113 omnes
1473 3046 1516 3113 ed

334 3154 519 3223 taciendam
548 3178 694 3242 precem,
731 3154 795 3221 hac
824 3160 942 3218 exacta
981 3152 1137 3220 induatur
1164 3152 1318 3220 sacerdos
1351 3175 1425 3220 cum
1459 3154 1517 3219 mi·

334 3263 446 3328 nistris
469 3264 671 3330 vestimentis
694 3261 814 3341 sacris,
844 3266 962 3325 cantor
984 3261 1018 3325 in
1041 3261 1142 3327 clroro
1165 3261 1210 3327 sit
1232 3282 1305 3327 curn
1329 3281 1437 3347 cappe
1461 3260 1517 3327 olii

335 3375 471 3454 quattor
492 3370 527 3436 in
549 3369 651 3453 olbis,
685 3389 823 3456 quorum
847 3365 912 3433 duo
942 3365 1220 3448 benedictionem,
1256 3366 1314 3434 alii
1343 3389 1421 3435 vero
1451 3365 1516 3434 duo

334 3483 474 3542 tractum
504 3486 579 3563 post
608 3476 780 3563 epistolam
810 3475 983 3540 recitatam
1011 3482 1156 3540 cantent.
1202 3474 1304 3542 Pueri
1326 3496 1439 3542 omnes
1463 3474 1517 3543 de·

334 3581 414 3650 bent
436 3583 574 3650 inolbati
597 3606 678 3651 esse.
724 3583 802 3652 Duo
824 3581 975 3647 conrersi
997 3579 1151 3647 deferant
1166 3579 1377 3666 candelabra,
1401 3582 1518 3649 tertius

335 3689 523 3760 turibulum.
569 3689 731 3758 Sacerdos
761 3689 871 3756 veniat
903 3688 948 3754 ad
982 3687 1106 3770 altare,
1145 3687 1246 3771 saciat
1274 3689 1457 3757 orationem
1485 3696 1520 3757 st

335 3797 572 3896 copsessiouem
596 3820 669 3864 cunr
691 3796 802 3864 levite.
848 3794 979 3862 Deinde
1008 3794 1099 3861 dicat
1121 3792 1273 3863 Oremus.
1319 3798 1443 3864 Excita
1466 3796 1519 3865 do

336 3910 430 3972 mina
477 3903 647 3971 Infantem
671 3927 748 3971 rero
770 3903 921 3991 primitus
936 3902 1026 3988 legat
1039 3900 1201 3969 lectiones
1218 3902 1375 3988 juniores,
1399 3901 1519 3970 deinde

336 4010 421 4077 sicut
453 4017 531 4077 sunt
564 4012 690 4097 priores
723 4017 972 4097 prosequentur.
1019 4009 1276 4096 Responsorium
1310 4031 1372 4095 per
1403 4030 1519 4077 unom-

337 4138 501 4204 quamquo
531 4118 705 4185 lectionem
728 4125 763 4185 ut
786 4118 966 4203 expleverit
990 4116 1053 4201 ipsi
1076 4122 1212 4183 cantent
1234 4115 1279 4183 ad
1302 4117 1422 4201 altars,
1452 4137 1519 4185 nou

337 4224 402 4290 duo
425 4224 566 4306 insimul,
590 4223 649 4292 sed
671 4246 754 4291 unns
775 4221 1014 4290 tantummodo.
1048 4222 1125 4308 Quo
1147 4229 1280 4309 patrato
1299 4224 1434 4291 veniant
1453 4222 1520 4291 duo

338 4328 457 4397 tratres
479 4331 621 4417 praefati
644 4338 795 4398 contente
831 4331 1006 4397 Benedicti
1024 4335 1135 4398 cararia
1158 4344 1259 4417 opera
1282 4332 1415 4412 dormiri,
1440 4335 1520 4398 tunc

338 4435 492 4505 sacerdos
521 4437 680 4524 procedat
708 4436 752 4504 ad
781 4457 874 4503 aram
903 4441 938 4502 et
961 4434 1068 4522 dieat,
1097 4440 1263 4505 Dominus
1292 4437 1459 4504 vobrkcum
1487 4443 1521 4502 ct

428 4667 451 4736 ¹)
469 4667 533 4724 arra
550 4684 647 4725 monus
665 4667 800 4739 adjunxit,
815 4673 911 4722 ennete
927 4666 1036 4723 ‘l'lrom
1053 4666 1180 4738 apostoli.
