3792 5375
738 474 982 537 -.135-

291 702 345 777 De
375 703 484 778 breve
513 703 685 779 librorum
713 704 811 817 quod
839 705 878 779 lit
904 705 941 780 in
968 704 1088 805 capud
1115 703 1427 805 quadragesimae.

361 879 419 949 Ll.
451 880 644 947 warnerius
667 880 872 949 collationem
901 880 1092 968 piamouius.
1137 879 1313 948 Odulricus
1346 879 1445 948 colla·

271 986 359 1051 tione
382 987 532 1053 cassiani.
567 986 792 1054 christoforus
810 987 1019 1076 pastoralem.
1050 987 1230 1075 Adalgisus
1243 986 1445 1074 psalterium

272 1090 436 1173 Andreas,
460 1095 628 1179 remigium
652 1116 750 1182 super
772 1095 925 1181 psalmos.
971 1093 1151 1181 Gregorius
1173 1094 1297 1181 origine
1319 1095 1353 1161 iu
1372 1094 1446 1180 jesu

272 1222 363 1268 nare.
395 1198 611 1285 Ganzmarus,
636 1200 799 1269 Ysidorus
821 1204 1077 1270 testimoniorum
1092 1201 1134 1269 (le
1149 1201 1221 1271 deo.
1250 1200 1448 1269 Frcdericua

271 1306 461 1391 ciprianum.
507 1305 678 1376 Gerardus
701 1331 874 1377 exameron
901 1310 1065 1379 ambrosii.
1108 1308 1228 1393 Gualo,
1257 1309 1448 1394 augrrrtinus

271 1412 312 1479 de
349 1414 506 1484 trinitate.
559 1414 730 1483 Gerardus
762 1415 846 1483 XL·
877 1417 1099 1485 homeliarum.
1151 1416 1270 1483 Petrus
1311 1414 1449 1483 moralia

268 1519 336 1605 joh.
372 1519 570 1604 Tenbaldus,
590 1520 778 1589 Johaunem
795 1525 1019 1591 crisostomum
1033 1525 1067 1591 iu
1082 1522 1224 1591 matheo.
1258 1520 1447 1609 Stephanus

272 1627 461 1711 psalterium
492 1652 596 1695 suum.
643 1629 831 1717 Stephanus
861 1630 1056 1699 ambrosium
1080 1638 1138 1698 aut
1160 1628 1289 1718 petrum
1311 1631 1346 1697 iu
1368 1651 1447 1717 apo

271 1734 428 1820 calipsim.
476 1736 699 1822 Raymuuclus,
729 1738 937 1824 augustinum
961 1760 1058 1827 mpcr
1080 1738 1231 1825 pisulmoa
1277 1735 1446 1816 Tudricm.

272 1840 483 1909 hieronimum
507 1842 548 1910 de
570 1843 794 1930 phylosophia.
827 1844 1011 1930 Johaunes,
1033 1846 1245 1915 hieronimum
1260 1866 1359 1930 super
1373 1865 1448 1932 pro-
1577 1934 1582 1942 .

273 1949 400 2033 phetas
435 1948 618 2035 Johaunes,
636 1950 726 2018 dicta
741 1954 846 2019 sinoti
863 1952 980 2023 basilii.
1013 1952 1209 2041 Aldulphus,
1232 1952 1446 2020 hieronimum

271 2057 304 2122 in
328 2058 461 2124 esaiam
500 2057 673 2139 Amulius,
697 2060 904 2144 arrgtrstinmu
927 2059 969 2126 de
992 2068 1111 2128 natura
1132 2068 1165 2127 et
1186 2060 1305 2145 gratia.
1342 2057 1448 2126 Hum-

271 2163 508 2248 hermarius.
522 2164 622 2234 siluri.
648 2164 879 2250 Leodegarius,
891 2168 1123 2253 expositionem
1136 2164 1446 2234 inPeutatheucuuu

271 2269 441 2355 heilricus,
465 2273 625 2339 aimonem
649 2295 747 2358 super
768 2274 922 2357 genesim.
968 2273 1144 2354 Martinus,
1167 2274 1327 2341 aimonem
1350 2294 1448 2359 super

272 2379 404 2444 esaiam.
440 2380 634 2461 Amhaldns,
659 2381 825 2466 remigium
848 2403 946 2468 super
967 2381 1232 2449 ecclesiasticum.
1270 2377 1447 2464 Robertus,

273 2486 371 2551 sitam
385 2488 489 2553 sancti
501 2487 664 2558 theuterii.
688 2486 873 2571 Girbertus,
886 2488 1044 2556 rabanum
1056 2487 1447 2575 superaccelesiastioum.

274 2591 455 2661 walterius
490 2595 716 2680 passionalem.
769 2596 867 2681 Atto,
901 2595 1057 2683 epistolas
1088 2596 1187 2684 pauli.
1239 2593 1448 2677 Beueffictua,

273 2701 385 2768 effrem
413 2701 453 2769 de
483 2705 742 2788 compunctione.
786 2705 959 2772 Johannes
988 2705 1074 2773 ritae
1103 2705 1226 2772 mariae
1249 2704 1449 2791 egyptiacae.

273 2807 470 2876 Saturninus
503 2810 728 2879 henchiridiou
762 2812 936 2898 augustini.
981 2812 1038 2879 Fr.
1072 2794 1245 2878 ll'irurclus
1278 2809 1447 2878 historiam

269 2915 408 3002 josephi.
444 2916 500 2983 Fr.
524 2915 724 3003 Stephanus,
748 2918 925 2987 Ysidorum
948 2919 1239 3004 ethimologiarum.
1272 2916 1330 2985 Fr.
1348 2916 1448 2984 Heiu-

274 3024 375 3089 ricum
406 3023 522 3091 librum
553 3047 675 3109 regum.
722 3010 779 3092 Fr.
810 3025 1013 3110 Genbertus,
1043 3025 1228 3093 aurelianus
1257 3024 1450 3109 augustiuus

274 3153 372 3215 snper
394 3131 547 3216 psalmos.
557 3133 583 3219 ¹)
630 3133 686 3200 Fr.
710 3132 895 3215 Rainerius,
917 3132 1149 3201 Cassiodornm
1175 3153 1273 3218 super
1294 3131 1448 3217 psalmos.

272 3237 330 3307 Fr.
359 3238 532 3307 Umbertus
563 3242 665 3308 storia
695 3240 937 3308 aecclesiastica
966 3240 1087 3308 eusebii
1116 3238 1342 3308 mesariensis.
1388 3235 1449 3305 Al-

273 3366 427 3428 mannns,
458 3350 663 3434 atagarstinnm
687 3349 728 3415 de
751 3346 900 3417 doctriua
923 3348 1111 3419 christiana.
1158 3345 1287 3428 Laudo,
1315 3345 1449 3433 ysitium

272 3454 305 3521 in
336 3453 508 3526 leviticum.
554 3455 655 3542 Hugo
684 3456 974 3543 prognosticorum.
1020 3455 1156 3538 Petrus,
1185 3453 1379 3540 anagastiuus
1408 3450 1449 3518 de

273 3563 419 3633 simbolo.
454 3564 589 3647 Laetus,
613 3563 794 3630 ambrosius
818 3563 859 3631 de
882 3563 1032 3631 conflictu
1057 3562 1216 3630 vitiorum.
1250 3559 1445 3643 Aribcruua,

273 3672 433 3739 rabanum
458 3672 490 3738 in
514 3672 647 3737 threnos
662 3670 845 3738 hie‘remiae.
876 3669 1048 3738 Ehrardus
1063 3670 1161 3735 sitam
1171 3668 1326 3754 johauuis
1341 3666 1449 3755 heley-

273 3780 390 3847 ruonis.
425 3776 588 3860 Edradus,
613 3779 802 3863 augustiuus
827 3799 924 3863 snper
946 3776 1102 3863 epistolae
1124 3775 1314 3844 canonicae.
1348 3774 1449 3842 Jooe·

272 3887 377 3968 liuns,
411 3884 592 3969 gregorium
627 3886 661 3951 in
696 3884 842 3951 ultimam
875 3894 1004 3971 purtem
1033 3882 1244 3952 hiezechielis.
1285 3880 1449 3950 Girhiuus

273 3992 414 4060 libellum
440 3990 481 4058 de
504 3989 677 4077 disciplina
700 3990 888 4059 christiana
921 3990 1101 4072 Gerardm,
1125 3989 1251 4058 Bedam
1270 3987 1311 4055 de
1327 3986 1449 4073 templo

273 4099 459 4166 salomouis.
494 4096 598 4182 Popo,
622 4099 796 4184 Eugipinm
819 4097 860 4166 de
884 4098 1047 4185 opusculis
1070 4096 1258 4182 Augustini
1294 4093 1449 4175 Silvinus,

273 4204 430 4272 rabanum
456 4225 553 4290 snper
577 4227 697 4291 regum.
743 4204 927 4291 Sigualdus,
950 4204 1109 4271 rabanum
1132 4223 1230 4289 super
1252 4201 1354 4269 ΧῙΙοἶ
1375 4223 1449 4288 pro·

272 4312 401 4398 phetae.
438 4311 556 4378 Petnrs
579 4312 747 4380 historiam
771 4312 822 4379 titi
845 4312 921 4378 lirii.
955 4309 1142 4397 Stephanus
1157 4308 1318 4395 expositio
1333 4307 1448 4377 rabani

273 4420 306 4485 in
329 4416 579 4485 machabeorum
603 4418 769 4486 librorum.
804 4418 935 4502 Petrus,
959 4418 1150 4503 augustiuus
1173 4437 1271 4503 super
1292 4413 1448 4501 lisalmos.

361 4653 384 4723 ¹)
403 4654 517 4711 Rusurr.
