3792 5375
796 536 1042 601 -147-

323 731 446 815 jugiter
474 754 576 816 usque
605 755 700 799 tuisne
723 731 852 803 ardeat.
900 728 1098 796 Revertatur
1119 729 1153 796 in
1177 731 1372 798 aecclesiam
1393 740 1426 797 et
1449 732 1514 798 cir·

328 846 456 903 cnmeet
476 840 848 925 c1·iptns¹)et1ne1nbrn
871 835 1012 921 singule,
1034 846 1067 902 et
1091 836 1211 920 videat,
1234 838 1262 903 si
1284 837 1406 925 uliquis
1421 838 1513 923 jacet

329 944 378 1010 vel
413 944 503 1010 sedet
539 954 671 1032 practer
700 948 846 1013 infirmos
881 954 938 1009 unt
976 943 1247 1011 ilentlmmutices.
1298 943 1336 1012 si
1370 945 1512 1031 aliquem

329 1051 426 1117 tnlnn
458 1053 616 1118 invenen't
645 1052 880 1133 dennis-ntem,
913 1052 1034 1117 excitet
1063 1073 1155 1118 eum:
1186 1051 1311 1118 sicum
1333 1052 1512 1136 grutiumm

329 1160 456 1224 actione
485 1181 551 1225 nnn
582 1159 735 1246 recinent
759 1162 791 1226 iu
815 1157 996 1245 capitulum
1019 1158 1274 1242 quaerclubitnr.
1320 1157 1514 1244 Eademque

330 1267 429 1331 saciat
453 1267 484 1331 in
509 1266 652 1332 secnnclu
675 1276 839 1334 nocturno
863 1271 896 1333 et
920 1262 1084 1330 laudibus.
1123 1264 1196 1331 Illis
1219 1263 1423 1351 temporibus
1444 1266 1514 1352 qui·

330 1373 391 1439 bus
415 1372 621 1440 intercullnni
647 1374 699 1455 sit,
723 1370 951 1440 donniturium
975 1380 1008 1436 et
1023 1370 1213 1450 claustrum,
1237 1380 1270 1438 et
1287 1372 1408 1455 omniu,
1431 1371 1515 1438 sieut

330 1502 429 1565 snpra
444 1481 638 1564 temnimus,
658 1482 849 1550 cineument.
884 1477 925 1546 ln
942 1476 1112 1544 duodecim
1127 1476 1323 1544 lectionibus
1338 1501 1515 1546 conversus

329 1585 455 1652 ‹lei-rut
478 1587 639 1653 laternum
663 1610 722 1673 per
746 1588 879 1654 testium
903 1584 1076 1651 lectionem
1099 1583 1302 1671 inspiciendo
1318 1607 1443 1656 omnes.
1472 1585 1515 1653 In

330 1692 501 1758 cotidianis
531 1693 645 1759 dicbus
676 1716 737 1779 ner
766 1713 1034 1780 unamquamque
1061 1690 1234 1759 lectionem
1257 1691 1357 1760 debet
1379 1694 1516 1759 circum·

330 1800 453 1884 spicere
483 1801 661 1867 universus.
709 1799 781 1885 llle,
812 1800 867 1888 qni
898 1819 964 1864 nou
995 1821 1030 1864 se
1060 1799 1198 1866 volucrit
1220 1797 1378 1867 inclinare
1399 1808 1516 1865 contre

330 1930 420 1987 enin,
448 1915 525 1972 unte
550 1908 656 1994 ipsum
681 1907 770 1974 illam
794 1912 916 1994 pnmt,
951 1904 1133 1992 eademqne
1156 1905 1270 1984 faeiat,
1293 1906 1322 1973 si
1345 1906 1445 1973 elicui
1468 1907 1516 1973 iu·

330 2022 446 2081 sentus
469 2014 567 2080 suerit
583 2015 781 2091 dormitans3
805 2036 883 2081 mex
906 2010 962 2079 nte
985 2019 1021 2077 ut
1044 2014 1221 2080 suscitatus
1243 2012 1352 2094 luerit,
1375 2014 1517 2100 accipiet

330 2131 364 2188 et
386 2132 440 2187 ent
464 2130 497 2188 et
520 2121 656 2188 inclinet
680 2145 714 2188 sc
739 2124 772 2188 in
796 2120 940 2189 medium
962 2119 1098 2186 chorum
1118 2130 1233 2186 contre
1249 2120 1354 2188 ultum
1369 2122 1516 2188 veniens·

330 2252 393 2315 qne
417 2228 459 2294 ed
484 2229 618 2295 eliorum
640 2228 667 2317 ][
691 2228 824 2296 abbatis
847 2236 881 2296 et
904 2226 1013 2293 denuo
1036 2248 1071 2293 se
1094 2227 1241 2294 humiliet
1264 2226 1308 2294 ed
1332 2227 1456 2314 ipsum,
1483 2237 1517 2294 et

330 2337 507 2402 circnmcnt
520 2358 652 2430 cinnes,
677 2344 709 2401 et
734 2342 921 2402 revertetur
943 2353 984 2398 ex
1006 2332 1071 2399 elin
1097 2341 1192 2421 purte
1215 2333 1331 2401 euclem
1347 2331 1516 2403 intuendo.

330 2443 544 2508 Pnstmeclum
561 2444 740 2509 circumeat
756 2442 841 2523 illos,
858 2439 915 2529 qni
931 2440 972 2506 de
988 2437 1067 2505 ioris
1084 2448 1174 2523 snut3
1190 2441 1400 2527 eanqeeitus
1413 2449 1518 2527 ponat

332 2571 404 2614 cem
428 2550 461 2614 in
484 2548 558 2615 leco
582 2551 772 2618 constituto.
816 2550 853 2617 Si
877 2547 921 2615 ecl
940 2547 1094 2632 juvenem
1116 2546 1254 2613 fratrem
1277 2549 1386 2635 posita
1408 2546 1518 2630 luent,

333 2655 386 2722 ille
397 2656 656 2723 tantummodum
670 2656 805 2725 cheu-nm
818 2657 1008 2728 circumeat,
1025 2653 1113 2720 und
1122 2654 1242 2741 grados
1254 2654 1345 2722 illum
1353 2656 1518 2723 restituet.

332 2763 388 2828 An
414 2763 555 2830 infantes
579 2786 797 2851 nequequam.
845 2851 857 2864 ,
916 2816 926 2831 .

494 3018 550 3094 De
578 3018 646 3115 his,
676 3019 738 3118 qui
767 3017 873 3094 tarde
901 3027 1098 3092 occurrunt
1124 3016 1164 3091 iu
1190 3016 1357 3097 oratorio.

422 3195 528 3265 XlIl.
560 3196 597 3262 Si
621 3195 742 3262 Frater
764 3202 841 3281 post
867 3194 1019 3261 Curiam
1044 3191 1139 3278 puimi
1162 3190 1281 3277 psalmi
1304 3192 1441 3274 venerit,
1464 3198 1520 3258 eut

334 3311 410 3370 nnte
427 3303 532 3370 altare
551 3303 595 3369 nel
618 3302 742 3388 gradus
758 3311 791 3368 et
815 3300 861 3368 ibi
876 3319 985 3386 genua
1003 3321 1063 3363 suu
1077 3296 1200 3380 flectat,
1217 3306 1250 3365 et
1267 3300 1379 3365 stetim
1395 3306 1519 3383 surget,

334 3420 366 3477 et
396 3419 521 3498 perstet
549 3431 651 3496 nsque
680 3410 758 3476 dum
782 3405 964 3475 absolverit
987 3426 1060 3471 euin
1083 3405 1182 3490 prior.
1228 3404 1413 3500 Alqselutus
1436 3406 1521 3492 giret

333 3529 410 3585 ante
434 3529 467 3585 et
490 3528 579 3585 retro
603 3516 777 3601 veniatque
800 3516 834 3582 in
858 3512 994 3581 cherum
1018 3511 1051 3576 in
1074 3510 1181 3578 locum
1204 3533 1308 3595 suum,
1339 3512 1520 3599 iterumque

334 3628 460 3692 veniam
483 3632 593 3709 petet,
626 3630 779 3707 surgente
803 3639 918 3687 omnes
942 3616 1061 3683 fratres
1084 3617 1250 3685 inclinent
1297 3616 1334 3686 Si
1356 3618 1437 3686 foris
1459 3641 1520 3704 pro

332 3733 443 3817 aliqua
466 3728 694 3796 infinnitutula
717 3728 858 3812 steterit,
883 3731 917 3793 ct
933 3746 1000 3790 uon
1016 3724 1179 3791 occurent
1193 3723 1238 3790 nl
1257 3727 1407 3793 Glonism
1423 3726 1520 3812 prinei

333 3838 460 3925 psalmi,
484 3837 585 3902 intret
601 3837 633 3901 in
652 3835 796 3916 chorum,
821 3841 859 3901 ut
874 3853 978 3920 supra
993 3830 1117 3898 dietum
1132 3839 1199 3897 est:
1223 3829 1393 3898 absolutus
1409 3839 1521 3899 eutem

332 3951 429 4011 exeat
452 3942 541 4008 loreis
564 3951 597 4009 et
621 3951 714 4029 petat
738 3943 867 4007 venium
891 3959 993 4025 super
1015 3960 1132 4023 genus,
1160 3947 1194 4004 et
1218 3937 1318 4004 saciet
1341 3937 1520 4006 secundnm

332 4049 420 4137 quud
444 4050 618 4115 infimitas
640 4051 670 4117 ei
693 4048 865 4136 permittit

423 4157 508 4223 Item
530 4154 635 4225 irater

333 4267 360 4331 si
385 4265 507 4330 venerit
531 4263 573 4330 nd
591 4265 717 4332 Hermu
741 4271 815 4350 pest
835 4262 989 4329 Gloriam
1013 4256 1110 4343 primi
1133 4256 1251 4344 psalmi
1274 4256 1326 4326 vel
1340 4258 1520 4346 qualicum-

333 4393 397 4458 que
427 4373 651 4457 supcrsenen't
680 4379 814 4458 postea,
850 4386 955 4452 usqne
985 4362 1028 4429 ud
1053 4367 1158 4451 Aj'rie
1187 4367 1321 4447 clm'son,
1352 4365 1400 4431 sic
1423 4363 1522 4432 debet
1630 4391 1636 4403 ·

333 4479 515 4563 intrarett!)
546 4479 634 4546 intns
657 4502 717 4546 nec
748 4483 853 4544 totum
883 4470 1020 4561 perum,
1052 4478 1086 4538 et
1115 4477 1169 4537 ent
1192 4471 1225 4538 in
1247 4471 1320 4538 loeo
1342 4471 1521 4538 constituto

424 4711 443 4779 ⁸)
463 4709 576 4767 Rasum
1282 4763 1286 4769 Δ
1367 4790 1423 4847 w
