<?xml version="1.0" encoding="UTF-8"?>
<!DOCTYPE html PUBLIC "-//W3C//DTD XHTML 1.0 Transitional//EN"
    "http://www.w3.org/TR/xhtml1/DTD/xhtml1-transitional.dtd">
<html xmlns="http://www.w3.org/1999/xhtml" xml:lang="en" lang="en">
 <head>
  <title>
</title>
<meta http-equiv="Content-Type" content="text/html;charset=utf-8" />
  <meta name='ocr-system' content='tesseract 3.04.00' />
  <meta name='ocr-capabilities' content='ocr_page ocr_carea ocr_par ocr_line ocrx_word'/>
</head>
<body>
  <div class='ocr_page' id='page_1' title='image "./consuetudinesmo00albegoog_0163.png"; bbox 0 0 3792 5375; ppageno 0'>
   <div class='ocr_carea' id='block_1_1' title="bbox 914 542 1139 605">
    <p class='ocr_par' dir='ltr' id='par_1_1' title="bbox 914 542 1139 605">
     <span class='ocr_line' id='line_1_1' title="bbox 914 542 1139 605; baseline 0.004 -18"><span class='ocrx_word' id='word_1_1' title='bbox 914 542 1139 605; x_wconf 72' lang='lat'>..52-</span> 
     </span>
    </p>
   </div>
   <div class='ocr_carea' id='block_1_2' title="bbox 436 730 1617 823">
    <p class='ocr_par' dir='ltr' id='par_1_2' title="bbox 436 730 1617 823">
     <span class='ocr_line' id='line_1_2' title="bbox 436 730 1617 823; baseline -0.006 -20"><span class='ocrx_word' id='word_1_2' title='bbox 436 737 624 815; x_wconf 85' lang='lat' dir='ltr'>benedicto,</span> <span class='ocrx_word' id='word_1_3' title='bbox 659 736 749 823; x_wconf 88' lang='lat' dir='ltr'>prior</span> <span class='ocrx_word' id='word_1_4' title='bbox 786 734 884 801; x_wconf 85' lang='lat' dir='ltr'>debet</span> <span class='ocrx_word' id='word_1_5' title='bbox 923 742 1057 819; x_wconf 83' lang='lat' dir='ltr'>portare</span> <span class='ocrx_word' id='word_1_6' title='bbox 1098 732 1219 800; x_wconf 73' lang='lat' dir='ltr'>isernien.</span> <span class='ocrx_word' id='word_1_7' title='bbox 1276 730 1359 798; x_wconf 88' lang='lat' dir='ltr'><strong>Ilico</strong></span> <span class='ocrx_word' id='word_1_8' title='bbox 1394 736 1431 798; x_wconf 92' lang='lat' dir='ltr'>ut</span> <span class='ocrx_word' id='word_1_9' title='bbox 1469 732 1617 816; x_wconf 79' lang='lat' dir='ltr'>perventi</span> 
     </span>
    </p>
   </div>
   <div class='ocr_carea' id='block_1_3' title="bbox 433 836 1619 1674">
    <p class='ocr_par' dir='ltr' id='par_1_3' title="bbox 433 836 1619 1674">
     <span class='ocr_line' id='line_1_3' title="bbox 437 836 1619 926; baseline -0.005 -16"><span class='ocrx_word' id='word_1_10' title='bbox 437 844 556 911; x_wconf 75' lang='lat' dir='ltr'>iruerint</span> <span class='ocrx_word' id='word_1_11' title='bbox 578 843 611 907; x_wconf 91' lang='lat' dir='ltr'>in</span> <span class='ocrx_word' id='word_1_12' title='bbox 635 841 745 924; x_wconf 77' lang='lat' dir='ltr'>choro,</span> <span class='ocrx_word' id='word_1_13' title='bbox 771 839 994 907; x_wconf 79' lang='lat' dir='ltr'>subdiaconus</span> <span class='ocrx_word' id='word_1_14' title='bbox 1017 839 1176 926; x_wconf 82' lang='lat' dir='ltr'>procedat</span> <span class='ocrx_word' id='word_1_15' title='bbox 1204 838 1247 905; x_wconf 87' lang='lat' dir='ltr'>ad</span> <span class='ocrx_word' id='word_1_16' title='bbox 1269 838 1391 924; x_wconf 63' lang='lat' dir='ltr'>gradu</span> <span class='ocrx_word' id='word_1_17' title='bbox 1414 844 1448 903; x_wconf 92' lang='lat' dir='ltr'>et</span> <span class='ocrx_word' id='word_1_18' title='bbox 1470 836 1619 923; x_wconf 81' lang='lat' dir='ltr'>proferat</span> 
     </span>
     <span class='ocr_line' id='line_1_4' title="bbox 436 945 1618 1028; baseline -0.007 -11"><span class='ocrx_word' id='word_1_19' title='bbox 436 950 607 1017; x_wconf 88' lang='lat' dir='ltr'>lectionem</span> <span class='ocrx_word' id='word_1_20' title='bbox 622 948 810 1028; x_wconf 82' lang='lat' dir='ltr'>hieremiae,</span> <span class='ocrx_word' id='word_1_21' title='bbox 838 950 932 1014; x_wconf 77' lang='lat' dir='ltr'>Haec</span> <span class='ocrx_word' id='word_1_22' title='bbox 955 948 1039 1014; x_wconf 84' lang='lat' dir='ltr'>dicit</span> <span class='ocrx_word' id='word_1_23' title='bbox 1062 947 1224 1012; x_wconf 79' lang='lat' dir='ltr'><em>Dominus</em></span> <span class='ocrx_word' id='word_1_24' title='bbox 1241 948 1333 1012; x_wconf 79' lang='lat' dir='ltr'>Deus</span> <span class='ocrx_word' id='word_1_25' title='bbox 1348 950 1383 1012; x_wconf 83' lang='lat' dir='ltr'>in</span> <span class='ocrx_word' id='word_1_26' title='bbox 1407 945 1618 1012; x_wconf 77' lang='lat' dir='ltr'><em>tribulatione</em></span> 
     </span>
     <span class='ocr_line' id='line_1_5' title="bbox 434 1050 1616 1137; baseline -0.005 -14"><span class='ocrx_word' id='word_1_27' title='bbox 434 1081 515 1129; x_wconf 78' lang='lat' dir='ltr'>sna:</span> <span class='ocrx_word' id='word_1_28' title='bbox 538 1080 634 1123; x_wconf 71' lang='lat' dir='ltr'>susurre</span> <span class='ocrx_word' id='word_1_29' title='bbox 658 1068 856 1137; x_wconf 77' lang='lat' dir='ltr'><em>consurgent</em></span> <span class='ocrx_word' id='word_1_30' title='bbox 878 1077 899 1119; x_wconf 83' lang='lat' dir='ltr'>a</span> <span class='ocrx_word' id='word_1_31' title='bbox 924 1054 1020 1137; x_wconf 58' lang='lat' dir='ltr'>md)</span> <span class='ocrx_word' id='word_1_32' title='bbox 1066 1051 1318 1118; x_wconf 76' lang='lat' dir='ltr'>Revertentibus</span> <span class='ocrx_word' id='word_1_33' title='bbox 1351 1072 1391 1118; x_wconf 87' lang='lat' dir='ltr'>ex</span> <span class='ocrx_word' id='word_1_34' title='bbox 1424 1052 1497 1135; x_wconf 80' lang='lat' dir='ltr'>igne</span> <span class='ocrx_word' id='word_1_35' title='bbox 1519 1050 1616 1117; x_wconf 86' lang='lat' dir='ltr'>bene·</span> 
     </span>
     <span class='ocr_line' id='line_1_6' title="bbox 435 1156 1615 1243; baseline -0.006 -14"><span class='ocrx_word' id='word_1_36' title='bbox 435 1164 533 1243; x_wconf 84' lang='lat' dir='ltr'>dieto,</span> <span class='ocrx_word' id='word_1_37' title='bbox 557 1163 689 1228; x_wconf 75' lang='lat' dir='ltr'>veniant</span> <span class='ocrx_word' id='word_1_38' title='bbox 712 1160 867 1227; x_wconf 80' lang='lat' dir='ltr'>sacerdos</span> <span class='ocrx_word' id='word_1_39' title='bbox 891 1161 932 1226; x_wconf 88' lang='lat' dir='ltr'>de</span> <span class='ocrx_word' id='word_1_40' title='bbox 957 1160 1104 1226; x_wconf 77' lang='lat' dir='ltr'>sacnuio</span> <span class='ocrx_word' id='word_1_41' title='bbox 1128 1181 1201 1225; x_wconf 79' lang='lat' dir='ltr'>cuns</span> <span class='ocrx_word' id='word_1_42' title='bbox 1225 1159 1326 1225; x_wconf 81' lang='lat' dir='ltr'>sacris</span> <span class='ocrx_word' id='word_1_43' title='bbox 1349 1156 1518 1224; x_wconf 87' lang='lat' dir='ltr'>ordinibus</span> <span class='ocrx_word' id='word_1_44' title='bbox 1541 1180 1615 1224; x_wconf 91' lang='lat' dir='ltr'>eum</span> 
     </span>
     <span class='ocr_line' id='line_1_7' title="bbox 435 1264 1615 1353; baseline -0.005 -17"><span class='ocrx_word' id='word_1_45' title='bbox 435 1270 565 1337; x_wconf 79' lang='lat' dir='ltr'>silentio</span> <span class='ocrx_word' id='word_1_46' title='bbox 580 1266 679 1335; x_wconf 87' lang='lat' dir='ltr'>nichil</span> <span class='ocrx_word' id='word_1_47' title='bbox 695 1275 850 1334; x_wconf 82' lang='lat' dir='ltr'>canentes</span> <span class='ocrx_word' id='word_1_48' title='bbox 866 1268 909 1333; x_wconf 90' lang='lat' dir='ltr'>ad</span> <span class='ocrx_word' id='word_1_49' title='bbox 926 1267 1033 1334; x_wconf 87' lang='lat' dir='ltr'>altare</span> <span class='ocrx_word' id='word_1_50' title='bbox 1051 1266 1223 1353; x_wconf 82' lang='lat' dir='ltr'>postulans</span> <span class='ocrx_word' id='word_1_51' title='bbox 1237 1289 1298 1353; x_wconf 90' lang='lat' dir='ltr'>pro</span> <span class='ocrx_word' id='word_1_52' title='bbox 1321 1287 1356 1332; x_wconf 84' lang='lat' dir='ltr'>se</span> <span class='ocrx_word' id='word_1_53' title='bbox 1379 1287 1483 1332; x_wconf 78' lang='lat' dir='ltr'>orare</span> <span class='ocrx_word' id='word_1_54' title='bbox 1526 1264 1615 1332; x_wconf 86' lang='lat' dir='ltr'>Dum</span> 
     </span>
     <span class='ocr_line' id='line_1_8' title="bbox 434 1371 1617 1457; baseline -0.003 -15"><span class='ocrx_word' id='word_1_55' title='bbox 434 1375 525 1443; x_wconf 81' lang='lat' dir='ltr'>iacta</span> <span class='ocrx_word' id='word_1_56' title='bbox 547 1375 700 1442; x_wconf 88' lang='lat' dir='ltr'>babuerit</span> <span class='ocrx_word' id='word_1_57' title='bbox 725 1375 886 1442; x_wconf 81' lang='lat' dir='ltr'>confessio</span> <span class='ocrx_word' id='word_1_58' title='bbox 910 1396 985 1440; x_wconf 76' lang='lat' dir='ltr'>enen</span> <span class='ocrx_word' id='word_1_59' title='bbox 1001 1373 1101 1440; x_wconf 77' lang='lat' dir='ltr'>lenita</span> <span class='ocrx_word' id='word_1_60' title='bbox 1117 1374 1225 1457; x_wconf 77' lang='lat' dir='ltr'>dieat3</span> <span class='ocrx_word' id='word_1_61' title='bbox 1250 1371 1435 1456; x_wconf 74' lang='lat' dir='ltr'>Orrnrus,²)</span> <span class='ocrx_word' id='word_1_62' title='bbox 1459 1371 1617 1438; x_wconf 86' lang='lat' dir='ltr'>diaeonus</span> 
     </span>
     <span class='ocr_line' id='line_1_9' title="bbox 433 1479 1616 1568; baseline 0.002 -23"><span class='ocrx_word' id='word_1_63' title='bbox 433 1484 631 1568; x_wconf 80' lang='lat' dir='ltr'>pronuntiet,</span> <span class='ocrx_word' id='word_1_64' title='bbox 656 1485 843 1549; x_wconf 68' lang='lat' dir='ltr'>Flectuntur</span> <span class='ocrx_word' id='word_1_65' title='bbox 862 1506 988 1567; x_wconf 67' lang='lat' dir='ltr'>gastun,</span> <span class='ocrx_word' id='word_1_66' title='bbox 1014 1489 1046 1547; x_wconf 89' lang='lat' dir='ltr'>et</span> <span class='ocrx_word' id='word_1_67' title='bbox 1071 1489 1145 1566; x_wconf 82' lang='lat' dir='ltr'>post</span> <span class='ocrx_word' id='word_1_68' title='bbox 1165 1479 1334 1564; x_wconf 71' lang='lat' dir='ltr'>praurluium</span> <span class='ocrx_word' id='word_1_69' title='bbox 1357 1479 1457 1560; x_wconf 87' lang='lat' dir='ltr'>dicat,</span> <span class='ocrx_word' id='word_1_70' title='bbox 1482 1480 1616 1549; x_wconf 77' lang='lat' dir='ltr'>Leuate:</span> 
     </span>
     <span class='ocr_line' id='line_1_10' title="bbox 433 1587 1614 1674; baseline 0 -19"><span class='ocrx_word' id='word_1_71' title='bbox 433 1597 467 1655; x_wconf 86' lang='lat' dir='ltr'>et</span> <span class='ocrx_word' id='word_1_72' title='bbox 495 1588 648 1656; x_wconf 88' lang='lat' dir='ltr'>sacerdos</span> <span class='ocrx_word' id='word_1_73' title='bbox 678 1596 810 1674; x_wconf 85' lang='lat' dir='ltr'>promat</span> <span class='ocrx_word' id='word_1_74' title='bbox 839 1587 926 1655; x_wconf 76' lang='lat' dir='ltr'>liano</span> <span class='ocrx_word' id='word_1_75' title='bbox 956 1587 1157 1670; x_wconf 85' lang='lat' dir='ltr'>orationem,</span> <span class='ocrx_word' id='word_1_76' title='bbox 1187 1591 1281 1655; x_wconf 79' lang='lat' dir='ltr'>Deus</span> <span class='ocrx_word' id='word_1_77' title='bbox 1310 1610 1331 1653; x_wconf 88' lang='lat' dir='ltr'>a</span> <span class='ocrx_word' id='word_1_78' title='bbox 1353 1610 1416 1673; x_wconf 83' lang='lat' dir='ltr'>quo</span> <span class='ocrx_word' id='word_1_79' title='bbox 1445 1598 1479 1653; x_wconf 81' lang='lat' dir='ltr'>et</span> <span class='ocrx_word' id='word_1_80' title='bbox 1494 1591 1614 1674; x_wconf 85' lang='lat' dir='ltr'>judas.</span> 
     </span>
    </p>
   </div>
   <div class='ocr_carea' id='block_1_4' title="bbox 208 1692 1614 1781">
    <p class='ocr_par' dir='ltr' id='par_1_4' title="bbox 208 1692 1614 1781">
     <span class='ocr_line' id='line_1_11' title="bbox 208 1692 1614 1781; baseline 0.009 -31"><span class='ocrx_word' id='word_1_81' title='bbox 208 1730 221 1750; x_wconf 87' lang='lat'>.</span> <span class='ocrx_word' id='word_1_82' title='bbox 249 1722 291 1753; x_wconf 76' lang='lat' dir='ltr'>u.</span> <span class='ocrx_word' id='word_1_83' title='bbox 435 1695 631 1781; x_wconf 76' lang='lat' dir='ltr'>Prophetis,</span> <span class='ocrx_word' id='word_1_84' title='bbox 657 1699 751 1764; x_wconf 77' lang='lat' dir='ltr'>Haec</span> <span class='ocrx_word' id='word_1_85' title='bbox 781 1699 865 1763; x_wconf 79' lang='lat' dir='ltr'>dicit</span> <span class='ocrx_word' id='word_1_86' title='bbox 886 1694 1102 1764; x_wconf 62' lang='lat' dir='ltr'>Doassiuustu</span> <span class='ocrx_word' id='word_1_87' title='bbox 1148 1692 1299 1775; x_wconf 73' lang='lat' dir='ltr'>&#39;l&#39;ractu8‚</span> <span class='ocrx_word' id='word_1_88' title='bbox 1322 1696 1465 1760; x_wconf 76' lang='lat' dir='ltr'>Donn&#39;ne</span> <span class='ocrx_word' id='word_1_89' title='bbox 1487 1695 1614 1763; x_wconf 70' lang='lat' dir='ltr'>arretini.</span> 
     </span>
    </p>
   </div>
   <div class='ocr_carea' id='block_1_5' title="bbox 416 1792 1658 4028">
    <p class='ocr_par' dir='ltr' id='par_1_5' title="bbox 416 1792 1658 3174">
     <span class='ocr_line' id='line_1_12' title="bbox 433 1792 1658 1889; baseline 0.002 -22"><span class='ocrx_word' id='word_1_90' title='bbox 433 1802 527 1870; x_wconf 65' lang='lat' dir='ltr'>&#39;ruine</span> <span class='ocrx_word' id='word_1_91' title='bbox 549 1802 729 1889; x_wconf 85' lang='lat' dir='ltr'>praecedat</span> <span class='ocrx_word' id='word_1_92' title='bbox 751 1796 908 1869; x_wconf 80' lang='lat' dir='ltr'>sacerdos</span> <span class='ocrx_word' id='word_1_93' title='bbox 931 1809 965 1869; x_wconf 89' lang='lat' dir='ltr'>et</span> <span class='ocrx_word' id='word_1_94' title='bbox 989 1801 1081 1868; x_wconf 89' lang='lat' dir='ltr'>dieat</span> <span class='ocrx_word' id='word_1_95' title='bbox 1104 1799 1147 1867; x_wconf 91' lang='lat' dir='ltr'>ad</span> <span class='ocrx_word' id='word_1_96' title='bbox 1172 1801 1287 1884; x_wconf 85' lang='lat' dir='ltr'>uitare,</span> <span class='ocrx_word' id='word_1_97' title='bbox 1311 1802 1461 1869; x_wconf 64' lang='lat' dir='ltr'>Oramus.</span> <span class='ocrx_word' id='word_1_98' title='bbox 1497 1799 1616 1869; x_wconf 75' lang='lat' dir='ltr'>Levita</span> <span class='ocrx_word' id='word_1_99' title='bbox 1656 1792 1658 1796; x_wconf 10' lang='grc' dir='ltr'><em>Α</em></span> 
     </span>
     <span class='ocr_line' id='line_1_13' title="bbox 433 1905 1615 1996; baseline 0.002 -21"><span class='ocrx_word' id='word_1_100' title='bbox 433 1911 632 1994; x_wconf 80' lang='lat' dir='ltr'>pronuntiet,</span> <span class='ocrx_word' id='word_1_101' title='bbox 649 1913 838 1977; x_wconf 74' lang='lat' dir='ltr'>Flectuntur</span> <span class='ocrx_word' id='word_1_102' title='bbox 848 1933 976 1996; x_wconf 50' lang='lat' dir='ltr'>prestun.</span> <span class='ocrx_word' id='word_1_103' title='bbox 1006 1908 1159 1990; x_wconf 80' lang='lat' dir='ltr'>Oeenses,</span> <span class='ocrx_word' id='word_1_104' title='bbox 1176 1911 1266 1975; x_wconf 77' lang='lat' dir='ltr'>Deus</span> <span class='ocrx_word' id='word_1_105' title='bbox 1286 1911 1345 1995; x_wconf 86' lang='lat' dir='ltr'>qui</span> <span class='ocrx_word' id='word_1_106' title='bbox 1353 1905 1517 1994; x_wconf 59' lang='lat' dir='ltr'>parentib</span> <span class='ocrx_word' id='word_1_107' title='bbox 1531 1919 1615 1977; x_wconf 78' lang='lat' dir='ltr'>vete·</span> 
     </span>
     <span class='ocr_line' id='line_1_14' title="bbox 432 2012 1614 2099; baseline 0 -16"><span class='ocrx_word' id='word_1_108' title='bbox 432 2022 493 2088; x_wconf 85' lang='lat' dir='ltr'>ris.</span> <span class='ocrx_word' id='word_1_109' title='bbox 524 2016 639 2084; x_wconf 84' lang='lat' dir='ltr'>Lectio</span> <span class='ocrx_word' id='word_1_110' title='bbox 661 2017 703 2084; x_wconf 89' lang='lat' dir='ltr'>de</span> <span class='ocrx_word' id='word_1_111' title='bbox 727 2016 855 2098; x_wconf 81' lang='lat' dir='ltr'>Exodo,</span> <span class='ocrx_word' id='word_1_112' title='bbox 880 2020 986 2084; x_wconf 79' lang='lat' dir='ltr'>Dixit</span> <span class='ocrx_word' id='word_1_113' title='bbox 1001 2018 1152 2084; x_wconf 71' lang='lat' dir='ltr'>dourrinus</span> <span class='ocrx_word' id='word_1_114' title='bbox 1175 2020 1224 2082; x_wconf 82' lang='lat' dir='ltr'>nd</span> <span class='ocrx_word' id='word_1_115' title='bbox 1244 2012 1436 2098; x_wconf 59' lang='lat' dir='ltr'>,inassueti</span> <span class='ocrx_word' id='word_1_116' title='bbox 1461 2014 1614 2099; x_wconf 80' lang='lat' dir='ltr'>Tractus,</span> 
     </span>
     <span class='ocr_line' id='line_1_15' title="bbox 416 2120 1615 2210; baseline -0.004 -16"><span class='ocrx_word' id='word_1_117' title='bbox 416 2127 538 2210; x_wconf 74' lang='lat' dir='ltr'>Eripe</span> <span class='ocrx_word' id='word_1_118' title='bbox 559 2150 610 2192; x_wconf 82' lang='lat' dir='ltr'>nn</span> <span class='ocrx_word' id='word_1_119' title='bbox 631 2128 770 2205; x_wconf 69' lang='lat' dir='ltr'>deseritur,</span> <span class='ocrx_word' id='word_1_120' title='bbox 794 2128 838 2191; x_wconf 85' lang='lat' dir='ltr'>ab</span> <span class='ocrx_word' id='word_1_121' title='bbox 860 2127 991 2192; x_wconf 69' lang='lat' dir='ltr'>doctrine</span> <span class='ocrx_word' id='word_1_122' title='bbox 1013 2127 1113 2192; x_wconf 68' lang='lat' dir='ltr'>rurale.</span> <span class='ocrx_word' id='word_1_123' title='bbox 1150 2121 1226 2209; x_wconf 84' lang='lat' dir='ltr'>Qua</span> <span class='ocrx_word' id='word_1_124' title='bbox 1248 2122 1336 2189; x_wconf 81' lang='lat' dir='ltr'>lecta</span> <span class='ocrx_word' id='word_1_125' title='bbox 1351 2121 1484 2187; x_wconf 78' lang='lat' dir='ltr'>veniant</span> <span class='ocrx_word' id='word_1_126' title='bbox 1499 2120 1565 2190; x_wconf 89' lang='lat' dir='ltr'>duo</span> <span class='ocrx_word' id='word_1_127' title='bbox 1581 2122 1615 2189; x_wconf 89' lang='lat' dir='ltr'>in</span> 
     </span>
     <span class='ocr_line' id='line_1_16' title="bbox 433 2230 1614 2316; baseline 0.001 -22"><span class='ocrx_word' id='word_1_128' title='bbox 433 2230 517 2297; x_wconf 89' lang='lat' dir='ltr'>albis</span> <span class='ocrx_word' id='word_1_129' title='bbox 530 2239 563 2298; x_wconf 92' lang='lat' dir='ltr'>et</span> <span class='ocrx_word' id='word_1_130' title='bbox 579 2238 720 2298; x_wconf 88' lang='lat' dir='ltr'>tractum</span> <span class='ocrx_word' id='word_1_131' title='bbox 733 2231 834 2311; x_wconf 88' lang='lat' dir='ltr'>dicat,</span> <span class='ocrx_word' id='word_1_132' title='bbox 846 2235 989 2299; x_wconf 74' lang='lat' dir='ltr'>Dornine</span> <span class='ocrx_word' id='word_1_133' title='bbox 1004 2234 1240 2316; x_wconf 59' lang='lat' dir='ltr'>assultationem</span> <span class='ocrx_word' id='word_1_134' title='bbox 1255 2235 1410 2315; x_wconf 88' lang='lat' dir='ltr'>repetant</span> <span class='ocrx_word' id='word_1_135' title='bbox 1423 2249 1484 2313; x_wconf 88' lang='lat' dir='ltr'>per</span> <span class='ocrx_word' id='word_1_136' title='bbox 1499 2250 1614 2295; x_wconf 76' lang='lat' dir='ltr'>urruns·</span> 
     </span>
     <span class='ocr_line' id='line_1_17' title="bbox 432 2334 1615 2423; baseline 0.004 -26"><span class='ocrx_word' id='word_1_137' title='bbox 432 2336 584 2422; x_wconf 81' lang='lat' dir='ltr'>quodque</span> <span class='ocrx_word' id='word_1_138' title='bbox 614 2334 751 2405; x_wconf 70' lang='lat' dir='ltr'>uersum.</span> <span class='ocrx_word' id='word_1_139' title='bbox 798 2337 919 2403; x_wconf 82' lang='lat' dir='ltr'>Altera</span> <span class='ocrx_word' id='word_1_140' title='bbox 949 2335 1127 2423; x_wconf 86' lang='lat' dir='ltr'>prophetia</span> <span class='ocrx_word' id='word_1_141' title='bbox 1150 2335 1289 2402; x_wconf 87' lang='lat' dir='ltr'>recitata</span> <span class='ocrx_word' id='word_1_142' title='bbox 1312 2341 1390 2402; x_wconf 91' lang='lat' dir='ltr'>eant</span> <span class='ocrx_word' id='word_1_143' title='bbox 1413 2334 1478 2400; x_wconf 82' lang='lat' dir='ltr'>‹iuo</span> <span class='ocrx_word' id='word_1_144' title='bbox 1500 2334 1557 2401; x_wconf 88' lang='lat' dir='ltr'>alii</span> <span class='ocrx_word' id='word_1_145' title='bbox 1581 2344 1615 2402; x_wconf 84' lang='lat' dir='ltr'>et</span> 
     </span>
     <span class='ocr_line' id='line_1_18' title="bbox 433 2441 1615 2535; baseline 0 -27"><span class='ocrx_word' id='word_1_146' title='bbox 433 2443 584 2535; x_wconf 86' lang='lat' dir='ltr'>inchoent</span> <span class='ocrx_word' id='word_1_147' title='bbox 606 2451 759 2528; x_wconf 87' lang='lat' dir='ltr'>tractum,</span> <span class='ocrx_word' id='word_1_148' title='bbox 784 2446 887 2531; x_wconf 57' lang='lat' dir='ltr'>Eripe</span> <span class='ocrx_word' id='word_1_149' title='bbox 909 2470 962 2511; x_wconf 80' lang='lat' dir='ltr'>me</span> <span class='ocrx_word' id='word_1_150' title='bbox 984 2448 1130 2526; x_wconf 66' lang='lat' dir='ltr'>uterinae,</span> <span class='ocrx_word' id='word_1_151' title='bbox 1161 2464 1256 2529; x_wconf 88' lang='lat' dir='ltr'>quem</span> <span class='ocrx_word' id='word_1_152' title='bbox 1281 2441 1429 2508; x_wconf 84' lang='lat' dir='ltr'>similiter</span> <span class='ocrx_word' id='word_1_153' title='bbox 1452 2444 1615 2528; x_wconf 84' lang='lat' dir='ltr'>recapitu-</span> 
     </span>
     <span class='ocr_line' id='line_1_19' title="bbox 431 2547 1615 2636; baseline 0.001 -20"><span class='ocrx_word' id='word_1_154' title='bbox 431 2548 509 2618; x_wconf 88' lang='lat' dir='ltr'>lent.</span> <span class='ocrx_word' id='word_1_155' title='bbox 562 2550 678 2618; x_wconf 78' lang='lat' dir='ltr'>Passio</span> <span class='ocrx_word' id='word_1_156' title='bbox 708 2553 778 2618; x_wconf 87' lang='lat' dir='ltr'>sine</span> <span class='ocrx_word' id='word_1_157' title='bbox 809 2551 1019 2632; x_wconf 87' lang='lat' dir='ltr'>salutatione,</span> <span class='ocrx_word' id='word_1_158' title='bbox 1043 2551 1184 2636; x_wconf 81' lang='lat' dir='ltr'>legatur.</span> <span class='ocrx_word' id='word_1_159' title='bbox 1236 2548 1319 2616; x_wconf 74' lang='lat' dir='ltr'>Curru</span> <span class='ocrx_word' id='word_1_160' title='bbox 1351 2555 1460 2614; x_wconf 70' lang='lat' dir='ltr'>utinm</span> <span class='ocrx_word' id='word_1_161' title='bbox 1496 2547 1615 2617; x_wconf 82' lang='lat' dir='ltr'>dixerit</span> 
     </span>
     <span class='ocr_line' id='line_1_20' title="bbox 431 2655 1614 2745; baseline 0.002 -22"><span class='ocrx_word' id='word_1_162' title='bbox 431 2657 495 2743; x_wconf 78' lang='lat' dir='ltr'>ule,</span> <span class='ocrx_word' id='word_1_163' title='bbox 519 2660 574 2745; x_wconf 89' lang='lat' dir='ltr'>qui</span> <span class='ocrx_word' id='word_1_164' title='bbox 603 2657 682 2744; x_wconf 82' lang='lat' dir='ltr'>legit</span> <span class='ocrx_word' id='word_1_165' title='bbox 708 2679 855 2742; x_wconf 81' lang='lat' dir='ltr'>serssnu,</span> <span class='ocrx_word' id='word_1_166' title='bbox 879 2661 1082 2727; x_wconf 74' lang='lat' dir='ltr'>Dieiserunt</span> <span class='ocrx_word' id='word_1_167' title='bbox 1102 2660 1170 2727; x_wconf 79' lang='lat' dir='ltr'>sibi</span> <span class='ocrx_word' id='word_1_168' title='bbox 1189 2657 1356 2724; x_wconf 76' lang='lat' dir='ltr'>uenientes</span> <span class='ocrx_word' id='word_1_169' title='bbox 1383 2656 1477 2742; x_wconf 84' lang='lat' dir='ltr'>juxta</span> <span class='ocrx_word' id='word_1_170' title='bbox 1506 2655 1614 2725; x_wconf 82' lang='lat' dir='ltr'>altare</span> 
     </span>
     <span class='ocr_line' id='line_1_21' title="bbox 432 2763 1615 2851; baseline 0.001 -21"><span class='ocrx_word' id='word_1_171' title='bbox 432 2787 514 2831; x_wconf 86' lang='lat' dir='ltr'>unus</span> <span class='ocrx_word' id='word_1_172' title='bbox 547 2765 640 2848; x_wconf 88' lang='lat' dir='ltr'>hinc,</span> <span class='ocrx_word' id='word_1_173' title='bbox 676 2766 760 2833; x_wconf 88' lang='lat' dir='ltr'>alins</span> <span class='ocrx_word' id='word_1_174' title='bbox 791 2766 868 2833; x_wconf 89' lang='lat' dir='ltr'>inde</span> <span class='ocrx_word' id='word_1_175' title='bbox 897 2767 1047 2833; x_wconf 78' lang='lat' dir='ltr'>dividant</span> <span class='ocrx_word' id='word_1_176' title='bbox 1078 2764 1141 2832; x_wconf 88' lang='lat' dir='ltr'>sibi</span> <span class='ocrx_word' id='word_1_177' title='bbox 1171 2765 1341 2832; x_wconf 79' lang='lat' dir='ltr'>sindones:</span> <span class='ocrx_word' id='word_1_178' title='bbox 1371 2785 1438 2850; x_wconf 90' lang='lat' dir='ltr'>qua</span> <span class='ocrx_word' id='word_1_179' title='bbox 1467 2763 1615 2851; x_wconf 83' lang='lat' dir='ltr'>perlecto</span> 
     </span>
     <span class='ocr_line' id='line_1_22' title="bbox 432 2872 1616 2958; baseline 0.003 -22"><span class='ocrx_word' id='word_1_180' title='bbox 432 2873 540 2939; x_wconf 76' lang='lat' dir='ltr'>ueniat</span> <span class='ocrx_word' id='word_1_181' title='bbox 563 2872 717 2940; x_wconf 87' lang='lat' dir='ltr'>sacerdos</span> <span class='ocrx_word' id='word_1_182' title='bbox 740 2874 784 2941; x_wconf 87' lang='lat' dir='ltr'>ud</span> <span class='ocrx_word' id='word_1_183' title='bbox 808 2874 928 2955; x_wconf 86' lang='lat' dir='ltr'>altare,</span> <span class='ocrx_word' id='word_1_184' title='bbox 964 2881 998 2940; x_wconf 91' lang='lat' dir='ltr'>et</span> <span class='ocrx_word' id='word_1_185' title='bbox 1021 2873 1217 2958; x_wconf 85' lang='lat' dir='ltr'>sollempnes</span> <span class='ocrx_word' id='word_1_186' title='bbox 1232 2873 1406 2955; x_wconf 84' lang='lat' dir='ltr'>orationes,</span> <span class='ocrx_word' id='word_1_187' title='bbox 1430 2892 1514 2956; x_wconf 85' lang='lat' dir='ltr'>quae</span> <span class='ocrx_word' id='word_1_188' title='bbox 1538 2880 1616 2939; x_wconf 88' lang='lat' dir='ltr'>sunt</span> 
     </span>
     <span class='ocr_line' id='line_1_23' title="bbox 432 2976 1615 3065; baseline 0 -21"><span class='ocrx_word' id='word_1_189' title='bbox 432 2979 464 3044; x_wconf 91' lang='lat' dir='ltr'>in</span> <span class='ocrx_word' id='word_1_190' title='bbox 499 2986 778 3047; x_wconf 76' lang='lat' dir='ltr'>sacramentonum</span> <span class='ocrx_word' id='word_1_191' title='bbox 812 2979 899 3047; x_wconf 89' lang='lat' dir='ltr'>libro</span> <span class='ocrx_word' id='word_1_192' title='bbox 932 2980 1040 3046; x_wconf 88' lang='lat' dir='ltr'>dicat:</span> <span class='ocrx_word' id='word_1_193' title='bbox 1072 2987 1106 3047; x_wconf 89' lang='lat' dir='ltr'>et</span> <span class='ocrx_word' id='word_1_194' title='bbox 1141 3000 1201 3065; x_wconf 83' lang='lat' dir='ltr'>pro</span> <span class='ocrx_word' id='word_1_195' title='bbox 1228 2977 1359 3064; x_wconf 89' lang='lat' dir='ltr'>judaeis</span> <span class='ocrx_word' id='word_1_196' title='bbox 1387 3000 1455 3046; x_wconf 88' lang='lat' dir='ltr'>non</span> <span class='ocrx_word' id='word_1_197' title='bbox 1484 2976 1615 3046; x_wconf 89' lang='lat' dir='ltr'>dicatur</span> 
     </span>
     <span class='ocr_line' id='line_1_24' title="bbox 432 3087 750 3174; baseline 0.006 -22"><span class='ocrx_word' id='word_1_198' title='bbox 432 3087 620 3154; x_wconf 75' lang='lat' dir='ltr'>Flectuntur</span> <span class='ocrx_word' id='word_1_199' title='bbox 632 3091 750 3174; x_wconf 71' lang='lat' dir='ltr'>yruua.</span> 
     </span>
    </p>

    <p class='ocr_par' dir='ltr' id='par_1_6' title="bbox 430 3191 1616 4028">
     <span class='ocr_line' id='line_1_25' title="bbox 519 3191 1614 3280; baseline 0.001 -22"><span class='ocrx_word' id='word_1_200' title='bbox 519 3192 647 3280; x_wconf 82' lang='lat' dir='ltr'>Quibus</span> <span class='ocrx_word' id='word_1_201' title='bbox 663 3195 788 3260; x_wconf 79' lang='lat' dir='ltr'>exactis</span> <span class='ocrx_word' id='word_1_202' title='bbox 803 3194 998 3260; x_wconf 88' lang='lat' dir='ltr'>ordinentur</span> <span class='ocrx_word' id='word_1_203' title='bbox 1021 3191 1148 3278; x_wconf 86' lang='lat' dir='ltr'>tapetia</span> <span class='ocrx_word' id='word_1_204' title='bbox 1163 3199 1240 3258; x_wconf 83' lang='lat' dir='ltr'>ante</span> <span class='ocrx_word' id='word_1_205' title='bbox 1262 3191 1379 3273; x_wconf 85' lang='lat' dir='ltr'>altare,</span> <span class='ocrx_word' id='word_1_206' title='bbox 1403 3198 1437 3258; x_wconf 90' lang='lat' dir='ltr'>et</span> <span class='ocrx_word' id='word_1_207' title='bbox 1459 3191 1614 3259; x_wconf 83' lang='lat' dir='ltr'>sacerdos</span> 
     </span>
     <span class='ocr_line' id='line_1_26' title="bbox 432 3297 1614 3387; baseline 0.003 -24"><span class='ocrx_word' id='word_1_208' title='bbox 432 3305 531 3365; x_wconf 88' lang='lat' dir='ltr'>exuat</span> <span class='ocrx_word' id='word_1_209' title='bbox 553 3321 588 3367; x_wconf 88' lang='lat' dir='ltr'>se</span> <span class='ocrx_word' id='word_1_210' title='bbox 611 3299 724 3367; x_wconf 81' lang='lat' dir='ltr'>casido</span> <span class='ocrx_word' id='word_1_211' title='bbox 755 3308 856 3387; x_wconf 88' lang='lat' dir='ltr'>atque</span> <span class='ocrx_word' id='word_1_212' title='bbox 886 3298 988 3366; x_wconf 88' lang='lat' dir='ltr'>stola:</span> <span class='ocrx_word' id='word_1_213' title='bbox 1021 3307 1055 3366; x_wconf 88' lang='lat' dir='ltr'>et</span> <span class='ocrx_word' id='word_1_214' title='bbox 1078 3300 1237 3366; x_wconf 87' lang='lat' dir='ltr'>diaconus</span> <span class='ocrx_word' id='word_1_215' title='bbox 1267 3297 1369 3382; x_wconf 82' lang='lat' dir='ltr'>stola,</span> <span class='ocrx_word' id='word_1_216' title='bbox 1393 3299 1471 3386; x_wconf 85' lang='lat' dir='ltr'>qnia</span> <span class='ocrx_word' id='word_1_217' title='bbox 1493 3299 1527 3365; x_wconf 93' lang='lat' dir='ltr'>in</span> <span class='ocrx_word' id='word_1_218' title='bbox 1550 3297 1614 3366; x_wconf 86' lang='lat' dir='ltr'>hac</span> 
     </span>
     <span class='ocr_line' id='line_1_27' title="bbox 431 3402 1614 3474; baseline 0.003 -3"><span class='ocrx_word' id='word_1_219' title='bbox 431 3406 513 3472; x_wconf 87' lang='lat' dir='ltr'>bora</span> <span class='ocrx_word' id='word_1_220' title='bbox 536 3406 605 3473; x_wconf 89' lang='lat' dir='ltr'>sine</span> <span class='ocrx_word' id='word_1_221' title='bbox 628 3406 743 3474; x_wconf 87' lang='lat' dir='ltr'>casula</span> <span class='ocrx_word' id='word_1_222' title='bbox 772 3429 844 3474; x_wconf 86' lang='lat' dir='ltr'>esso</span> <span class='ocrx_word' id='word_1_223' title='bbox 874 3407 984 3474; x_wconf 89' lang='lat' dir='ltr'>debet.</span> <span class='ocrx_word' id='word_1_224' title='bbox 1032 3405 1162 3472; x_wconf 85' lang='lat' dir='ltr'>Deinde</span> <span class='ocrx_word' id='word_1_225' title='bbox 1191 3413 1309 3474; x_wconf 80' lang='lat' dir='ltr'>exeant</span> <span class='ocrx_word' id='word_1_226' title='bbox 1331 3406 1399 3472; x_wconf 91' lang='lat' dir='ltr'>duo</span> <span class='ocrx_word' id='word_1_227' title='bbox 1422 3402 1614 3474; x_wconf 79' lang='lat' dir='ltr'>sacerdotes</span> 
     </span>
     <span class='ocr_line' id='line_1_28' title="bbox 432 3511 1615 3600; baseline 0.006 -25"><span class='ocrx_word' id='word_1_228' title='bbox 432 3512 481 3578; x_wconf 79' lang='lat' dir='ltr'>sel</span> <span class='ocrx_word' id='word_1_229' title='bbox 503 3512 658 3580; x_wconf 85' lang='lat' dir='ltr'>diacones</span> <span class='ocrx_word' id='word_1_230' title='bbox 682 3513 765 3581; x_wconf 87' lang='lat' dir='ltr'>albis</span> <span class='ocrx_word' id='word_1_231' title='bbox 787 3514 894 3580; x_wconf 89' lang='lat' dir='ltr'>induti</span> <span class='ocrx_word' id='word_1_232' title='bbox 910 3519 1135 3581; x_wconf 87' lang='lat' dir='ltr'>sustentantes</span> <span class='ocrx_word' id='word_1_233' title='bbox 1146 3534 1285 3595; x_wconf 86' lang='lat' dir='ltr'>crucem,</span> <span class='ocrx_word' id='word_1_234' title='bbox 1308 3533 1394 3600; x_wconf 83' lang='lat' dir='ltr'>quae</span> <span class='ocrx_word' id='word_1_235' title='bbox 1417 3511 1527 3579; x_wconf 79' lang='lat' dir='ltr'>relato</span> <span class='ocrx_word' id='word_1_236' title='bbox 1542 3534 1615 3582; x_wconf 87' lang='lat' dir='ltr'>esse</span> 
     </span>
     <span class='ocr_line' id='line_1_29' title="bbox 431 3617 1616 3708; baseline 0.003 -23"><span class='ocrx_word' id='word_1_237' title='bbox 431 3617 538 3701; x_wconf 86' lang='lat' dir='ltr'>debet,</span> <span class='ocrx_word' id='word_1_238' title='bbox 561 3627 651 3687; x_wconf 87' lang='lat' dir='ltr'>retro</span> <span class='ocrx_word' id='word_1_239' title='bbox 674 3620 780 3688; x_wconf 84' lang='lat' dir='ltr'>altare</span> <span class='ocrx_word' id='word_1_240' title='bbox 796 3630 954 3688; x_wconf 87' lang='lat' dir='ltr'>canentes</span> <span class='ocrx_word' id='word_1_241' title='bbox 977 3620 1065 3688; x_wconf 89' lang='lat' dir='ltr'>bunc</span> <span class='ocrx_word' id='word_1_242' title='bbox 1081 3642 1221 3703; x_wconf 82' lang='lat' dir='ltr'>uersum,</span> <span class='ocrx_word' id='word_1_243' title='bbox 1243 3623 1369 3708; x_wconf 70' lang='lat' dir='ltr'>Popula</span> <span class='ocrx_word' id='word_1_244' title='bbox 1383 3642 1483 3690; x_wconf 84' lang='lat' dir='ltr'>meus.</span> <span class='ocrx_word' id='word_1_245' title='bbox 1518 3618 1616 3688; x_wconf 85' lang='lat' dir='ltr'>Haeo</span> 
     </span>
     <span class='ocr_line' id='line_1_30' title="bbox 430 3725 1614 3796; baseline 0.003 -5"><span class='ocrx_word' id='word_1_246' title='bbox 430 3733 545 3793; x_wconf 87' lang='lat' dir='ltr'>eontra</span> <span class='ocrx_word' id='word_1_247' title='bbox 577 3728 644 3794; x_wconf 90' lang='lat' dir='ltr'>sint</span> <span class='ocrx_word' id='word_1_248' title='bbox 678 3735 756 3794; x_wconf 87' lang='lat' dir='ltr'>onte</span> <span class='ocrx_word' id='word_1_249' title='bbox 788 3727 897 3796; x_wconf 85' lang='lat' dir='ltr'>altare</span> <span class='ocrx_word' id='word_1_250' title='bbox 927 3728 993 3796; x_wconf 92' lang='lat' dir='ltr'>duo</span> <span class='ocrx_word' id='word_1_251' title='bbox 1036 3727 1121 3795; x_wconf 89' lang='lat' dir='ltr'>albis</span> <span class='ocrx_word' id='word_1_252' title='bbox 1151 3727 1203 3794; x_wconf 81' lang='lat' dir='ltr'>vel</span> <span class='ocrx_word' id='word_1_253' title='bbox 1235 3734 1302 3794; x_wconf 88' lang='lat' dir='ltr'>tres</span> <span class='ocrx_word' id='word_1_254' title='bbox 1328 3725 1478 3792; x_wconf 85' lang='lat' dir='ltr'>similiter</span> <span class='ocrx_word' id='word_1_255' title='bbox 1506 3725 1614 3794; x_wconf 87' lang='lat' dir='ltr'>induti</span> 
     </span>
     <span class='ocr_line' id='line_1_31' title="bbox 430 3832 1614 3923; baseline 0.003 -25"><span class='ocrx_word' id='word_1_256' title='bbox 430 3853 547 3916; x_wconf 85' lang='lat' dir='ltr'>greeae</span> <span class='ocrx_word' id='word_1_257' title='bbox 567 3833 812 3920; x_wconf 86' lang='lat' dir='ltr'>respondentes,</span> <span class='ocrx_word' id='word_1_258' title='bbox 837 3840 954 3923; x_wconf 69' lang='lat' dir='ltr'>Agnos</span> <span class='ocrx_word' id='word_1_259' title='bbox 971 3837 1001 3903; x_wconf 93' lang='lat'><em>0</em></span> <span class='ocrx_word' id='word_1_260' title='bbox 1016 3839 1124 3904; x_wconf 76' lang='lat' dir='ltr'>tluus:</span> <span class='ocrx_word' id='word_1_261' title='bbox 1151 3832 1269 3902; x_wconf 89' lang='lat' dir='ltr'>deinde</span> <span class='ocrx_word' id='word_1_262' title='bbox 1286 3832 1391 3900; x_wconf 80' lang='lat' dir='ltr'>claun</span> <span class='ocrx_word' id='word_1_263' title='bbox 1414 3832 1517 3899; x_wconf 86' lang='lat' dir='ltr'>latine</span> <span class='ocrx_word' id='word_1_264' title='bbox 1539 3854 1614 3919; x_wconf 84' lang='lat' dir='ltr'>pro·</span> 
     </span>
     <span class='ocr_line' id='line_1_32' title="bbox 432 3937 1613 4028; baseline 0.003 -24"><span class='ocrx_word' id='word_1_265' title='bbox 432 3960 571 4027; x_wconf 82' lang='lat' dir='ltr'>sequens</span> <span class='ocrx_word' id='word_1_266' title='bbox 594 3940 766 4026; x_wconf 86' lang='lat' dir='ltr'>decantet,</span> <span class='ocrx_word' id='word_1_267' title='bbox 798 3947 945 4013; x_wconf 78' lang='lat' dir='ltr'>Sarrctus</span> <span class='ocrx_word' id='word_1_268' title='bbox 970 3946 1079 4024; x_wconf 71' lang='lat' dir='ltr'>Deris,</span> <span class='ocrx_word' id='word_1_269' title='bbox 1110 3948 1256 4012; x_wconf 77' lang='lat' dir='ltr'>Sasrctns</span> <span class='ocrx_word' id='word_1_270' title='bbox 1275 3944 1398 4028; x_wconf 83' lang='lat' dir='ltr'>sortis.-</span> <span class='ocrx_word' id='word_1_271' title='bbox 1428 3938 1506 4006; x_wconf 83' lang='lat' dir='ltr'>inde</span> <span class='ocrx_word' id='word_1_272' title='bbox 1536 3937 1613 4023; x_wconf 86' lang='lat' dir='ltr'>duo,</span> 
     </span>
    </p>
   </div>
   <div class='ocr_carea' id='block_1_6' title="bbox 281 4043 1613 4137">
    <p class='ocr_par' dir='ltr' id='par_1_7' title="bbox 281 4043 1613 4137">
     <span class='ocr_line' id='line_1_33' title="bbox 281 4043 1613 4137; baseline 0.002 -27"><span class='ocrx_word' id='word_1_273' title='bbox 281 4091 288 4101; x_wconf 84' lang='lat'><strong>·</strong></span> <span class='ocrx_word' id='word_1_274' title='bbox 306 4061 344 4101; x_wconf 62' lang='grc' dir='ltr'>π’</span> <span class='ocrx_word' id='word_1_275' title='bbox 431 4047 487 4132; x_wconf 82' lang='lat' dir='ltr'>qni</span> <span class='ocrx_word' id='word_1_276' title='bbox 510 4070 637 4114; x_wconf 82' lang='lat' dir='ltr'>eruceru</span> <span class='ocrx_word' id='word_1_277' title='bbox 655 4056 842 4116; x_wconf 79' lang='lat' dir='ltr'>sustentant</span> <span class='ocrx_word' id='word_1_278' title='bbox 862 4055 1030 4116; x_wconf 75' lang='lat' dir='ltr'>moventes</span> <span class='ocrx_word' id='word_1_279' title='bbox 1041 4049 1067 4137; x_wconf 92' lang='lat'>][</span> <span class='ocrx_word' id='word_1_280' title='bbox 1080 4070 1125 4129; x_wconf 87' lang='lat' dir='ltr'>se,</span> <span class='ocrx_word' id='word_1_281' title='bbox 1149 4045 1302 4115; x_wconf 83' lang='lat' dir='ltr'>deferant</span> <span class='ocrx_word' id='word_1_282' title='bbox 1319 4066 1449 4113; x_wconf 85' lang='lat' dir='ltr'>erucem</span> <span class='ocrx_word' id='word_1_283' title='bbox 1464 4043 1613 4131; x_wconf 81' lang='lat' dir='ltr'>aliquan·</span> 
     </span>
    </p>
   </div>
   <div class='ocr_carea' id='block_1_7' title="bbox 431 4153 1613 4350">
    <p class='ocr_par' dir='ltr' id='par_1_8' title="bbox 431 4153 1613 4350">
     <span class='ocr_line' id='line_1_34' title="bbox 431 4153 1613 4235; baseline 0.002 -17"><span class='ocrx_word' id='word_1_284' title='bbox 431 4154 536 4220; x_wconf 87' lang='lat' dir='ltr'>tulum</span> <span class='ocrx_word' id='word_1_285' title='bbox 565 4155 700 4222; x_wconf 89' lang='lat' dir='ltr'>inantea</span> <span class='ocrx_word' id='word_1_286' title='bbox 731 4162 889 4223; x_wconf 87' lang='lat' dir='ltr'>canentes</span> <span class='ocrx_word' id='word_1_287' title='bbox 921 4156 1042 4223; x_wconf 88' lang='lat' dir='ltr'>iterum</span> <span class='ocrx_word' id='word_1_288' title='bbox 1072 4154 1287 4235; x_wconf 81' lang='lat' dir='ltr'>versiculum,</span> <span class='ocrx_word' id='word_1_289' title='bbox 1316 4153 1405 4234; x_wconf 82' lang='lat' dir='ltr'>Quia</span> <span class='ocrx_word' id='word_1_290' title='bbox 1440 4154 1545 4220; x_wconf 77' lang='lat' dir='ltr'>eduxi</span> <span class='ocrx_word' id='word_1_291' title='bbox 1571 4166 1613 4221; x_wconf 82' lang='lat' dir='ltr'>te.</span> 
     </span>
     <span class='ocr_line' id='line_1_35' title="bbox 432 4256 1612 4350; baseline -0.001 -25"><span class='ocrx_word' id='word_1_292' title='bbox 432 4259 666 4346; x_wconf 81' lang='lat' dir='ltr'>Respondeant</span> <span class='ocrx_word' id='word_1_293' title='bbox 678 4262 760 4339; x_wconf 68' lang='lat' dir='ltr'>duos</span> <span class='ocrx_word' id='word_1_294' title='bbox 777 4267 894 4350; x_wconf 77' lang='lat' dir='ltr'>Agyos</span> <span class='ocrx_word' id='word_1_295' title='bbox 910 4263 1059 4331; x_wconf 69' lang='lat' dir='ltr'>ornus.-</span> <span class='ocrx_word' id='word_1_296' title='bbox 1075 4283 1115 4330; x_wconf 86' lang='lat' dir='ltr'>ae</span> <span class='ocrx_word' id='word_1_297' title='bbox 1129 4260 1249 4328; x_wconf 85' lang='lat' dir='ltr'>deiude</span> <span class='ocrx_word' id='word_1_298' title='bbox 1260 4259 1366 4327; x_wconf 85' lang='lat' dir='ltr'>clerus</span> <span class='ocrx_word' id='word_1_299' title='bbox 1378 4256 1612 4344; x_wconf 81' lang='lat' dir='ltr'>subsequatur:</span> 
     </span>
    </p>
   </div>
   <div class='ocr_carea' id='block_1_8' title="bbox 430 4434 1613 4778">
    <p class='ocr_par' dir='ltr' id='par_1_9' title="bbox 430 4434 1613 4778">
     <span class='ocr_line' id='line_1_36' title="bbox 520 4434 1613 4511; baseline -0.005 -15"><span class='ocrx_word' id='word_1_300' title='bbox 520 4439 540 4509; x_wconf 76' lang='lat'>¹)</span> <span class='ocrx_word' id='word_1_301' title='bbox 559 4440 620 4497; x_wconf 75' lang='lat' dir='ltr'>Non</span> <span class='ocrx_word' id='word_1_302' title='bbox 638 4440 782 4510; x_wconf 65' lang='lat' dir='ltr'>dauniae,</span> <span class='ocrx_word' id='word_1_303' title='bbox 801 4440 850 4498; x_wconf 85' lang='lat' dir='ltr'>sed</span> <span class='ocrx_word' id='word_1_304' title='bbox 868 4441 957 4498; x_wconf 79' lang='lat' dir='ltr'>Oscae</span> <span class='ocrx_word' id='word_1_305' title='bbox 975 4440 1127 4511; x_wconf 82' lang='lat' dir='ltr'>prophetoe</span> <span class='ocrx_word' id='word_1_306' title='bbox 1145 4443 1190 4495; x_wconf 83' lang='lat' dir='ltr'>est</span> <span class='ocrx_word' id='word_1_307' title='bbox 1207 4437 1290 4495; x_wconf 87' lang='lat' dir='ltr'>lectio</span> <span class='ocrx_word' id='word_1_308' title='bbox 1307 4437 1363 4495; x_wconf 75' lang='lat' dir='ltr'>ista</span> <span class='ocrx_word' id='word_1_309' title='bbox 1380 4436 1438 4507; x_wconf 79' lang='lat' dir='ltr'>(es</span> <span class='ocrx_word' id='word_1_310' title='bbox 1452 4435 1501 4506; x_wconf 84' lang='lat' dir='ltr'>VI,</span> <span class='ocrx_word' id='word_1_311' title='bbox 1522 4434 1613 4496; x_wconf 79' lang='lat' dir='ltr'>1-n.</span> 
     </span>
     <span class='ocr_line' id='line_1_37' title="bbox 518 4524 1612 4602; baseline -0.004 -17"><span class='ocrx_word' id='word_1_312' title='bbox 518 4527 542 4600; x_wconf 80' lang='lat'>¹)</span> <span class='ocrx_word' id='word_1_313' title='bbox 560 4529 714 4602; x_wconf 75' lang='lat' dir='ltr'>Litnrgiun</span> <span class='ocrx_word' id='word_1_314' title='bbox 732 4530 801 4587; x_wconf 87' lang='lat' dir='ltr'>banc</span> <span class='ocrx_word' id='word_1_315' title='bbox 821 4536 908 4587; x_wconf 81' lang='lat' dir='ltr'>totam</span> <span class='ocrx_word' id='word_1_316' title='bbox 927 4530 1052 4588; x_wconf 79' lang='lat' dir='ltr'>inuenies</span> <span class='ocrx_word' id='word_1_317' title='bbox 1070 4529 1098 4586; x_wconf 87' lang='lat' dir='ltr'>tn</span> <span class='ocrx_word' id='word_1_318' title='bbox 1120 4527 1227 4586; x_wconf 71' lang='lat' dir='ltr'>stiunt</span> <span class='ocrx_word' id='word_1_319' title='bbox 1245 4525 1395 4585; x_wconf 71' lang='lat' dir='ltr'>nonanes</span> <span class='ocrx_word' id='word_1_320' title='bbox 1420 4525 1502 4583; x_wconf 67' lang='lat' dir='ltr'>Ferit</span> <span class='ocrx_word' id='word_1_321' title='bbox 1520 4525 1559 4582; x_wconf 80' lang='lat' dir='ltr'>VI</span> <span class='ocrx_word' id='word_1_322' title='bbox 1584 4524 1612 4581; x_wconf 86' lang='lat' dir='ltr'>in</span> 
     </span>
     <span class='ocr_line' id='line_1_38' title="bbox 430 4615 1406 4778; baseline -0.003 -16"><span class='ocrx_word' id='word_1_323' title='bbox 430 4615 652 4775; x_wconf 49' lang='lat' dir='ltr'>Pmttvtedn</span> <span class='ocrx_word' id='word_1_324' title='bbox 672 4717 799 4778; x_wconf 76' lang='lat' dir='ltr'>„peecata</span> <span class='ocrx_word' id='word_1_325' title='bbox 819 4709 938 4765; x_wconf 62' lang='lat' dir='ltr'>ceterist</span> <span class='ocrx_word' id='word_1_326' title='bbox 959 4708 1060 4765; x_wconf 75' lang='lat' dir='ltr'>abrasa</span> <span class='ocrx_word' id='word_1_327' title='bbox 1077 4705 1254 4764; x_wconf 72' lang='lat' dir='ltr'>invenientur</span> <span class='ocrx_word' id='word_1_328' title='bbox 1270 4704 1300 4763; x_wconf 87' lang='lat' dir='ltr'>iu</span> <span class='ocrx_word' id='word_1_329' title='bbox 1318 4707 1406 4761; x_wconf 81' lang='lat' dir='ltr'>textu.</span> 
     </span>
    </p>
   </div>
   <div class='ocr_carea' id='block_1_9' title="bbox 0 0 1900 5375">
    <p class='ocr_par' dir='ltr' id='par_1_10' title="bbox 0 0 1900 5375">
     <span class='ocr_line' id='line_1_39' title="bbox 0 0 1900 5375; baseline 0 1"><span class='ocrx_word' id='word_1_330' title='bbox 0 0 1900 5375; x_wconf 95' lang='lat' dir='ltr'> </span> 
     </span>
    </p>
   </div>
  </div>
 </body>
</html>
