3792 5375
816 479 1040 542 --sr⁷

331 679 487 743 l'rimmn
516 675 648 761 quielw
674 674 987 742 conrardi-oribus.(⁸)
1020 671 1162 760 Quando
1182 673 1329 760 psalmus
1341 673 1519 759 inponitur.
1547 690 1774 743 ‘·=r.‹·‹›r.xs,ao.

332 784 484 847 Loralole
496 784 677 848 llormirum
696 781 737 846 de
748 782 856 863 coelis,
874 800 987 845 omnes
1002 780 1235 864 extinguantur
1253 778 1412 847 candelae
1425 800 1519 866 prae·

330 895 404 953 taor
417 907 532 952 urnam:
546 891 581 952 et
594 886 741 971 magistri
754 893 890 971 prepter
902 886 1084 951 custodiam
1097 886 1183 953 inter
1195 885 1336 953 infantes
1349 887 1521 971 veniant.¹)

331 994 426 1060 l'nus
445 1015 485 1058 cx
507 994 655 1078 magistri
672 991 834 1059 accendat
850 992 1010 1059 candelae
1025 998 1192 1074 larilrrrra,
1202 993 1229 1081 ¹)
1252 1000 1287 1060 et
1311 1015 1385 1061 cnm
1405 1000 1521 1061 cantor

329 1101 534 1167 inchoaverit
546 1099 778 1187 antiphonam:
798 1099 984 1188 Traalzflror
995 1115 1120 1169 erotem:
1134 1101 1347 1186 extinguatur
1355 1099 1422 1179 illa,
1435 1121 1520 1187 quae
1619 1122 1633 1141 ⁰

331 1206 403 1275 sola
434 1209 592 1273 remansit
615 1205 766 1273 candela.
813 1206 926 1274 Finito
949 1208 1078 1274 cantico
1105 1214 1139 1275 et
1168 1206 1350 1294 antiphona
1378 1213 1520 1293 proster-

331 1323 468 1397 nantur,
504 1321 539 1381 ot
573 1316 773 1396 orationem,
796 1336 927 1399 preces,
960 1314 1122 1400 psalmum
1152 1321 1187 1382 et
1216 1313 1386 1382 collectam
1408 1312 1521 1380 dicant

331 1421 392 1488 sub
417 1421 555 1488 silentio.
592 1420 676 1487 Cum
701 1442 778 1488 sero
799 1421 892 1507 prior
915 1421 1028 1488 lecerit
1051 1422 1190 1506 siguum,
1214 1427 1385 1508 surgentes
1403 1418 1521 1487 fratrea

331 1535 541 1594 revertantur
563 1529 597 1592 iu
622 1527 860 1594 dormitorium.
900 1526 984 1595 Curn
1007 1529 1153 1614 coeperit
1175 1527 1364 1596 illucescere
1388 1533 1521 1595 sonetur

332 1635 452 1720 squilla
469 1634 630 1702 modicae.
667 1633 814 1701 Cantent
830 1635 982 1723 primam,
997 1658 1112 1722 ymnos
1129 1642 1163 1703 et
1177 1634 1322 1722 psalmos
1345 1655 1419 1702 cunr
1437 1635 1521 1701 anti·

332 1741 442 1827 pliona
465 1743 700 1809 communiter:
724 1764 841 1828 preces
869 1750 979 1809 autem
1004 1744 1182 1830 separatim
1205 1742 1266 1809 snb
1282 1742 1423 1810 silentio.
1453 1739 1520 1810 sed

331 1860 364 1916 et
396 1856 523 1934 septem
546 1850 692 1935 psalmos
723 1872 796 1916 cunr
828 1850 976 1917 laetania
1004 1850 1210 1935 generaliter,
1234 1850 1319 1916 siem
1341 1857 1521 1916 nocturnae

330 1956 448 2023 laudes
479 1965 512 2023 ct
544 1957 724 2024 matutinae
755 1958 824 2023 sine
855 1979 952 2024 uersu
982 1960 1074 2026 Dens
1108 1962 1143 2027 in
1177 1961 1381 2047 affamina:
1415 1980 1521 2024 meam

330 2065 532 2131 recitantur:
558 2065 605 2129 sic
630 2071 662 2130 et
679 2064 767 2131 aliae
783 2065 952 2150 regulares
967 2087 1081 2133 omnes
1096 2064 1198 2133 horae
1213 2070 1290 2150 post
1303 2084 1437 2150 muna
1451 2061 1521 2130 sine

332 2174 452 2240 Gloria
466 2171 734 2257 pronuntiantur.
766 2171 896 2238 Forsan
912 2193 978 2237 non
995 2171 1185 2239 intellexisti
1208 2170 1271 2238 lroc
1292 2168 1388 2238 bens.
1421 2168 1521 2237 Dica-

331 2301 404 2345 arus
435 2278 561 2361 denuo,
591 2287 628 2344 ut
650 2277 845 2363 intelligatis
869 2279 995 2347 melius.
1042 2278 1100 2345 Ad
1131 2277 1229 2344 horas
1258 2277 1397 2363 hymnos
1426 2275 1521 2344 sicuti

332 2386 485 2451 dixerunt
510 2385 689 2469 praeterito
720 2393 868 2472 tempore
895 2386 1183 2473 quadragesimae,
1206 2385 1254 2451 ita
1275 2383 1521 2471 persolvantet

331 2491 477 2578 psalmos
488 2491 658 2577 regulares
670 2493 850 2579 imponant.
873 2498 992 2561 Gloria
1004 2499 1068 2563 lili
1076 2495 1222 2562 trinitas.
1240 2493 1361 2561 Gloria
1370 2495 1479 2580 patra}
1490 2503 1523 2560 et

332 2601 427 2665 Deus
457 2601 492 2665 in
514 2603 721 2689 orll’irtoriom
745 2626 852 2668 arreum
877 2605 1025 2669 intende:
1049 2602 1123 2668 istis
1146 2599 1252 2667 tribus
1275 2598 1392 2667 (liebus
1413 2596 1521 2666 dimit·

331 2713 434 2775 tatur.
466 2706 562 2773 Hora
579 2707 684 2796 finita,
708 2710 735 2775 si
753 2707 873 2795 aliquis
889 2707 994 2777 irater
1009 2710 1152 2777 evenerit
1167 2730 1207 2776 ex
1230 2708 1357 2790 itinere,
1380 2704 1522 2793 accipiat

331 2813 605 2897 benedictionem,
631 2816 717 2882 sicut
739 2815 856 2882 solitus
880 2824 942 2883 est.
989 2815 1131 2904 eraade
1155 2815 1282 2900 signam
1304 2812 1456 2901 pulsatur
1476 2812 1521 2879 ad

332 2922 482 3001 tertiam,
514 2943 605 2987 more
637 2922 736 2989 solito
766 2931 1017 3009 praeparentur,
1026 2924 1051 3010 ¹)
1079 2929 1114 2989 ct
1148 2922 1279 2989 interim
1308 2920 1387 2987 dum
1421 2920 1521 2988 tertia

332 3028 463 3110 dicitur,
488 3028 713 3111 caltiamenta,
731 3052 817 3115 quae
833 3030 946 3097 danda
965 3037 1043 3097 sunt
1066 3029 1224 3097 fratribus
1246 3029 1280 3096 in
1303 3026 1448 3115 capitulo
1463 3048 1522 3114 per

331 3135 479 3202 ordinem
504 3135 751 3221 suspendantur
773 3139 807 3203 in
830 3137 949 3220 medio,
974 3138 1008 3204 in
1032 3145 1190 3224 quattuor
1212 3137 1365 3224 perticas,
1388 3141 1424 3202 ot
1445 3133 1521 3202 toti·

331 3241 406 3309 dem
423 3242 607 3330 columpnis
624 3243 733 3311 affixis
750 3252 973 3313 sustentantes
990 3267 1056 3312 eas.
1090 3242 1276 3330 Statimque
1298 3249 1374 3329 post
1389 3242 1521 3310 tertiam

331 3350 466 3416 veniant
481 3351 515 3416 in
531 3352 724 3437 capitulum,
742 3359 776 3418 et
793 3351 943 3419 similiter
959 3354 1044 3419 siout
1058 3352 1092 3418 in
1108 3350 1269 3418 aecclesia
1284 3352 1355 3417 sine
1369 3346 1521 3417 benedic·

330 3458 421 3524 tione
433 3459 550 3544 petita,
562 3459 705 3527 lectione
719 3459 871 3543 recitata,
895 3459 954 3526 sed
973 3467 1008 3527 et
1026 3481 1122 3526 serso
1137 3465 1171 3525 et
1189 3458 1337 3525 oratione
1348 3461 1521 3523 consuetu·

330 3563 461 3630 dinan'a
484 3562 545 3630 sub
569 3566 699 3633 silentio
722 3566 823 3646 dieta,
848 3565 1004 3653 lectaque
1024 3565 1065 3633 de
1087 3565 1204 3651 regula
1221 3564 1372 3647 lectione,
1396 3561 1521 3630 ‹lenun-

330 3671 393 3737 tiet
415 3693 499 3755 puer
526 3670 658 3738 brerem
688 3681 721 3739 et
751 3672 1029 3740 hebdomadarios
1059 3674 1220 3760 coquinae
1250 3670 1458 3753 nominatim,
1487 3675 1521 3743 ti

330 3778 396 3842 sint
407 3777 483 3862 plus
500 3799 600 3863 quam
617 3779 692 3845 aliis
708 3779 923 3866 temporibus.
947 3780 1030 3847 Post
1045 3801 1228 3848 sermonem
1244 3778 1368 3845 iactum
1384 3782 1521 3864 surgant

330 3885 530 3950 camerarios
565 3907 649 3951 uaris
679 3887 773 3967 trine,
809 3888 895 3954 alius
929 3886 1022 3969 inde,
1053 3896 1088 3954 et
1117 3887 1334 3954 calciamenta
1363 3882 1521 3951 iratnlrns

330 3988 521 4056 tribuantur
548 3992 631 4058 sicut
655 3994 843 4080 conscripta
866 4003 960 4076 sunt,
993 3994 1068 4062 aliis
1090 3993 1190 4062 rebus
1219 3991 1414 4060 necessariis
1435 3988 1520 4060 ordi·

329 4096 429 4178 natis,
453 4097 558 4165 abbas
582 4098 681 4168 debet
700 4101 817 4186 jubere
840 4108 974 4187 praeter
996 4101 1082 4186 illos,
1106 4102 1162 4188 qui
1185 4102 1219 4168 in
1242 4101 1317 4188 ipsa
1335 4100 1519 4187 septimana

330 4210 408 4269 sunt
438 4203 482 4270 ad
513 4227 570 4272 sex
602 4207 723 4275 iratres
753 4208 947 4275 nominatim
976 4209 1032 4295 qui
1055 4231 1129 4276 cum
1153 4210 1224 4295 ipso
1248 4207 1387 4274 abluant
1408 4204 1519 4293 pedes,

199 4392 204 4401 Ι
330 4308 375 4375 ad
410 4312 595 4381 senioribus
629 4323 705 4402 post
736 4314 1025 4383 hebdomadarios.
1073 4315 1281 4384 Exeuntibus
1311 4336 1333 4382 a
1364 4311 1519 4401 capitulo,

330 4416 476 4503 quinque
510 4419 657 4505 psalmos
691 4421 870 4489 seeundum
906 4422 1193 4505 consuetudinem,
1224 4423 1251 4490 si
1281 4419 1522 4488 anniversarias

423 4649 446 4718 ¹)
465 4650 581 4708 Rasnra.
