3792 5375
865 547 1112 610 -lea-

251 762 313 800 ,τι
403 748 499 825 atque
534 739 654 806 altaria
689 740 885 806 decorentur
912 739 941 828 ][
972 747 1005 807 et
1039 739 1073 804 in
1108 739 1268 822 majorem
1304 744 1412 803 textos
1447 743 1583 823 ponant.

401 846 475 912 Duo
498 845 616 912 iratres
639 854 836 931 praeparent
861 868 896 913 se
919 847 953 913 in
978 846 1078 924 albis,
1114 846 1169 930 qui
1192 844 1408 930 philacterias
1432 843 1586 910 ordinent

401 953 433 1017 in
457 952 647 1017 retiaculum
670 953 824 1037 perticae.
865 953 906 1018 In
923 953 1006 1019 iacie
1022 975 1118 1018 arcus
1135 957 1333 1037 coaptentur
1348 949 1433 1017 duae
1454 949 1584 1016 tunicae
1625 973 1628 977 ⁴

401 1067 434 1124 et
463 1060 495 1123 in
531 1057 637 1124 medio
670 1059 816 1143 pallium.
871 1058 1016 1126 Basilica
1054 1066 1190 1125 sanctae
1226 1056 1355 1124 Manae
1389 1056 1499 1143 palliis
1533 1055 1584 1122 sel

401 1166 511 1230 sericis
541 1164 735 1248 adornetnr3
766 1166 800 1230 in
831 1164 978 1250 capitulo
1009 1165 1163 1231 bancalia
1187 1164 1386 1250 coaptitent
1427 1162 1585 1231 Similiter

400 1271 560 1337 reiectorii
591 1279 819 1358 procuratores
857 1271 1009 1339 mantiles
1040 1279 1139 1357 atque
1169 1269 1326 1337 barrealia
1353 1271 1518 1355 accipiant
1541 1269 1585 1335 ad

400 1376 617 1443 decorandam
640 1377 764 1446 aedem.
812 1376 848 1444 Si
880 1378 999 1464 aliquis
1029 1384 1165 1445 sanctus
1196 1377 1342 1443 evenerit
1368 1376 1497 1462 inipso
1520 1375 1584 1458 die,

400 1482 485 1550 unde
508 1493 649 1570 agantur
672 1491 739 1550 tres
761 1484 933 1567 lectiones,
960 1492 1037 1551 turre
1062 1483 1174 1564 dicant
1199 1483 1333 1549 missam
1356 1482 1583 1550 matutinalem

399 1612 438 1656 ex
475 1612 528 1672 eo,
562 1590 779 1677 adjungentes
813 1591 985 1658 collectam
1026 1614 1087 1678 pro
1121 1590 1301 1671 defunctis,
1337 1598 1370 1656 et
1403 1589 1586 1657 offerantur

399 1697 517 1763 cuncti.
563 1695 599 1763 Si
623 1697 731 1782 vigilia
754 1696 984 1764 adventaverit
1006 1705 1126 1785 quarta
1148 1706 1206 1764 aut
1219 1697 1246 1781 ¹)
1269 1702 1365 1762 sexta
1387 1696 1480 1779 seria,
1503 1703 1585 1764 tnnc

400 1803 459 1870 tiat
480 1804 655 1888 processio,
678 1813 710 1870 et
735 1805 761 1869 si
786 1804 820 1870 in
842 1804 910 1871 alia
933 1804 1018 1871 ieria
1040 1803 1151 1886 inerit,
1176 1810 1296 1870 sonent
1317 1803 1455 1887 signnm.
1500 1802 1585 1870 Post

399 1913 547 1994 sextatrn)
570 1919 648 1977 eant
663 1917 696 1977 et
711 1910 837 1977 iaciant
853 1912 1047 1992 orationem,
1071 1910 1191 1978 deinde
1201 1910 1230 1998 ¹)
1254 1910 1367 1976 dicant
1385 1909 1583 1976 laetaniam

400 2018 491 2103 signa
513 2038 577 2083 non
599 2017 739 2103 pnlsent,
769 2039 829 2084 neo
852 2040 960 2104 cappa
983 2019 1026 2085 sit
1055 2018 1088 2084 in
1118 2018 1237 2099 choro,
1268 2016 1326 2084 sed
1356 2015 1584 2084 tautummodo

400 2123 555 2190 diaconus
578 2122 711 2191 indutus
734 2123 825 2207 alba,
849 2132 883 2191 et
906 2124 1007 2207 stola,
1039 2132 1074 2191 et
1103 2124 1327 2191 subdiaconus
1357 2124 1402 2190 sit
1430 2123 1464 2189 in
1494 2122 1581 2190 alba

400 2228 568 2310 Officium,
598 2235 719 2298 Yirurte·
747 2235 927 2301 domiuum.
973 2230 1140 2315 conata,
1170 2234 1315 2299 Dotatae
1341 2233 1434 2298 Deus
1462 2244 1583 2299 noster.

400 2337 528 2405 Deinde
551 2337 636 2405 aliae
659 2338 977 2408 consuetudinariae.
1023 2339 1187 2425 Epistola,
1219 2341 1307 2406 Ecce
1334 2362 1396 2424 ego
1414 2339 1583 2428 peteme

401 2447 473 2514 ridi
503 2449 537 2513 iu
571 2450 678 2513 medio
705 2447 865 2513 theonae*
910 2445 1185 2530 Responsoriurn,
1216 2445 1429 2513 Exultubuut
1457 2446 1583 2515 Sancti·

400 2549 543 2636 Alleluja
564 2573 629 2618 non
653 2559 703 2618 est
726 2551 885 2621 canenda.
930 2551 1158 2637 Evangelium,
1182 2555 1393 2618 Descendens
1416 2553 1519 2630 Jesus
1541 2558 1584 2620 de

398 2657 552 2729 eructuasti
596 2655 808 2727 Oiierendam
837 2658 965 2726 iaciant
994 2658 1130 2727 dimidia
1159 2679 1254 2745 para,
1285 2656 1435 2726 similiter
1456 2679 1581 2745 pacem.

398 2764 618 2845 Od'ertoriurn,
650 2769 837 2834 Laetuuu'm‘
857 2750 902 2834 iu
915 2771 1057 2836 durniuo.
1104 2764 1311 2850 Communia,
1340 2768 1458 2850 Arnen,
1486 2789 1583 2834 aruerr

399 2875 583 2941 dictandis
606 2876 781 2960 quodnni.
812 2872 929 2958 Adeps
945 2895 1011 2940 non
1027 2873 1257 2941 commetiatur
1271 2872 1343 2959 ipso
1358 2871 1423 2940 die.
1455 2872 1583 2940 Panem
1656 2900 1659 2913 ¹
1711 2870 1714 2875 ⁴

399 2988 431 3045 et
454 2979 573 3058 riuum,
597 3002 682 3065 qnae
705 2986 874 3046 remanent
898 2981 931 3046 in
947 2980 1132 3062 refectorio,
1156 2979 1414 3066 elemospnarius
1429 2981 1582 3065 accipiat.

398 3084 455 3151 Ad
488 3107 657 3172 vesperam
691 3086 839 3173 inprimis
871 3107 938 3154 non
972 3086 1143 3172 pulsentur
1176 3087 1241 3152 nisi
1277 3085 1395 3173 squilla
1425 3085 1513 3170 sola,
1548 3095 1584 3154 et

397 3190 497 3258 xne
508 3193 595 3263 cerei
605 3193 630 3277 ²)
658 3193 722 3259 siut
756 3200 833 3259 ante
868 3193 973 3260 altare
1006 3194 1130 3279 majus,
1164 3200 1257 3261 retro
1291 3192 1421 3276 decern,
1456 3200 1490 3261 et
1523 3215 1583 3280 per

397 3298 649 3386 unumquodque
673 3298 713 3366 de
729 3300 801 3366 aliis
816 3321 926 3370 uuum.
958 3299 1165 3385 Antiphone,
1188 3304 1229 3367 lu
1250 3303 1385 3368 corrsr‘lio
1395 3304 1581 3389 justorum,

397 3414 430 3472 et
453 3405 549 3488 aliare,
576 3427 662 3492 {puae
684 3414 845 3476 secuntur.
893 3406 1093 3493 Capitulum,
1118 3411 1204 3475 Ecce
1227 3429 1288 3493 ego
1300 3410 1478 3497 saintines.
1515 3405 1582 3473 Re·

397 3512 617 3598 sponsorinm,
648 3515 746 3580 Beati
773 3519 851 3581 estis
880 3518 939 3582 dei
965 3516 1077 3581 sancti
1102 3538 1224 3582 oruues.
1271 3512 1417 3594 Ymnus‚
1451 3515 1582 3582 Christe

397 3623 591 3705 redemtor,
626 3625 660 3685 et
688 3618 754 3686 duo
781 3619 902 3687 iratres
924 3619 1106 3687 induantur
1128 3621 1244 3706 cappis
1267 3619 1312 3685 ad
1334 3621 1502 3686 incensum
1525 3617 1581 3688 de-

397 3723 575 3792 serendum.
610 3725 744 3807 Versus,
768 3729 936 3794 Letauu‘ui
956 3732 991 3795 iu
1013 3732 1153 3796 dauriae.
1178 3726 1383 3811 Antiphona,
1420 3729 1583 3796 Salvator

398 3836 514 3900 rruurdr'
534 3834 632 3898 salue
648 3856 705 3899 uus
726 3858 847 3916 oruues,
870 3842 905 3900 et
924 3834 1012 3900 trina
1027 3834 1097 3901 uice
1113 3840 1277 3918 repetant.
1311 3831 1479 3919 Capitula.
1502 3838 1583 3903 Post

392 3953 529 4024 partium
552 3942 662 4025 virgo,
696 3947 727 4005 et
757 3948 792 4005 ut
821 3940 927 4006 solent
951 3939 1015 4007 dici
1039 3961 1175 4025 uespere
1205 3938 1248 4006 de
1277 3938 1428 4007 omnibns
1457 3941 1582 4008 sanctis

397 4044 570 4112 cotidianis
593 4044 715 4114 diebus.
762 4045 928 4129 Collecta,
964 4048 1173 4133 Orrrrrr'potcus
1195 4051 1392 4132 sempiterne
1414 4049 1523 4127 Deus,
1548 4054 1583 4115 et

398 4161 476 4218 tunc
506 4159 657 4237 repetant
686 4151 898 4237 antiphonam
928 4152 971 4219 de
1001 4172 1100 4220 cruce
1129 4154 1201 4220 sine
1229 4150 1350 4219 Gloria
1378 4160 1413 4219 et
1441 4152 1582 4221 collecta

399 4257 554 4339 eiusdem.
589 4258 672 4325 Post
693 4257 786 4341 haec,
810 4260 836 4324 si
861 4259 980 4344 aliquis
1002 4258 1150 4345 psalmus
1172 4258 1345 4343 impositus
1358 4267 1409 4325 est
1424 4281 1485 4345 pro
1500 4258 1581 4327 rivis

399 4364 448 4430 rel
472 4364 643 4446 defunctis,
667 4373 744 4431 tune
767 4365 897 4432 dicatrn
919 4374 953 4432 et
975 4365 1079 4436 finiat.
1110 4364 1167 4432 Ad
1183 4372 1372 4447 nocturnos,
1388 4365 1580 4452 priusquam

397 4526 551 4537 σιω-ο.-
579 4529 610 4537 -ι

488 4614 511 4682 ι)
530 4608 644 4706 RQ

485 4700 510 4759 't
528 4702 600 4758 Xll‘⁸
623 4701 707 4758 cerei:
724 4701 840 4759 aeruna
