<?xml version="1.0" encoding="UTF-8"?>
<!DOCTYPE html PUBLIC "-//W3C//DTD XHTML 1.0 Transitional//EN"
    "http://www.w3.org/TR/xhtml1/DTD/xhtml1-transitional.dtd">
<html xmlns="http://www.w3.org/1999/xhtml" xml:lang="en" lang="en">
 <head>
  <title>
</title>
<meta http-equiv="Content-Type" content="text/html;charset=utf-8" />
  <meta name='ocr-system' content='tesseract 3.04.00' />
  <meta name='ocr-capabilities' content='ocr_page ocr_carea ocr_par ocr_line ocrx_word'/>
</head>
<body>
  <div class='ocr_page' id='page_1' title='image "./consuetudinesmo00albegoog_0257.png"; bbox 0 0 3792 5375; ppageno 0'>
   <div class='ocr_carea' id='block_1_1' title="bbox 894 545 1137 607">
    <p class='ocr_par' dir='ltr' id='par_1_1' title="bbox 894 545 1137 607">
     <span class='ocr_line' id='line_1_1' title="bbox 894 545 1137 607; baseline -0.004 0"><span class='ocrx_word' id='word_1_1' title='bbox 894 580 935 591; x_wconf 92' lang='lat'>-</span> <span class='ocrx_word' id='word_1_2' title='bbox 985 545 1046 607; x_wconf 77' lang='lat'>146</span> <span class='ocrx_word' id='word_1_3' title='bbox 1080 580 1137 593; x_wconf 65' lang='lat'>«-</span> 
     </span>
    </p>
   </div>
   <div class='ocr_carea' id='block_1_2' title="bbox 601 757 1433 856">
    <p class='ocr_par' dir='ltr' id='par_1_2' title="bbox 601 757 1433 856">
     <span class='ocr_line' id='line_1_2' title="bbox 601 757 1433 856; baseline 0.004 -23"><span class='ocrx_word' id='word_1_4' title='bbox 601 760 703 853; x_wconf 88' lang='lat' dir='ltr'>Item,</span> <span class='ocrx_word' id='word_1_5' title='bbox 732 759 878 856; x_wconf 86' lang='lat' dir='ltr'>quaudo</span> <span class='ocrx_word' id='word_1_6' title='bbox 907 758 1019 833; x_wconf 86' lang='lat' dir='ltr'>semel</span> <span class='ocrx_word' id='word_1_7' title='bbox 1047 758 1209 856; x_wconf 80' lang='lat' dir='ltr'>pergitur</span> <span class='ocrx_word' id='word_1_8' title='bbox 1237 757 1284 831; x_wconf 89' lang='lat' dir='ltr'>ad</span> <span class='ocrx_word' id='word_1_9' title='bbox 1312 781 1433 856; x_wconf 78' lang='lat' dir='ltr'>opera.</span> 
     </span>
    </p>
   </div>
   <div class='ocr_carea' id='block_1_3' title="bbox 425 930 1601 1447">
    <p class='ocr_par' dir='ltr' id='par_1_3' title="bbox 425 930 1601 1447">
     <span class='ocr_line' id='line_1_3' title="bbox 516 930 1600 1019; baseline -0.006 -18"><span class='ocrx_word' id='word_1_10' title='bbox 516 937 562 1002; x_wconf 83' lang='lat' dir='ltr'>X.</span> <span class='ocrx_word' id='word_1_11' title='bbox 615 932 755 1019; x_wconf 82' lang='lat' dir='ltr'>Quando</span> <span class='ocrx_word' id='word_1_12' title='bbox 794 933 892 998; x_wconf 81' lang='lat' dir='ltr'>semel</span> <span class='ocrx_word' id='word_1_13' title='bbox 930 939 1009 998; x_wconf 77' lang='lat' dir='ltr'>crunt</span> <span class='ocrx_word' id='word_1_14' title='bbox 1047 931 1088 997; x_wconf 93' lang='lat' dir='ltr'>ad</span> <span class='ocrx_word' id='word_1_15' title='bbox 1127 952 1229 1018; x_wconf 82' lang='lat' dir='ltr'>opera</span> <span class='ocrx_word' id='word_1_16' title='bbox 1267 952 1325 1018; x_wconf 85' lang='lat' dir='ltr'>per</span> <span class='ocrx_word' id='word_1_17' title='bbox 1365 931 1452 1005; x_wconf 78' lang='lat' dir='ltr'>dios.</span> <span class='ocrx_word' id='word_1_18' title='bbox 1493 930 1600 997; x_wconf 90' lang='lat' dir='ltr'>onmia</span> 
     </span>
     <span class='ocr_line' id='line_1_4' title="bbox 426 1036 1601 1125; baseline -0.006 -17"><span class='ocrx_word' id='word_1_19' title='bbox 426 1051 565 1125; x_wconf 78' lang='lat' dir='ltr'>agantur·</span> <span class='ocrx_word' id='word_1_20' title='bbox 595 1042 677 1105; x_wconf 82' lang='lat' dir='ltr'>sicut</span> <span class='ocrx_word' id='word_1_21' title='bbox 701 1040 734 1105; x_wconf 90' lang='lat' dir='ltr'>in</span> <span class='ocrx_word' id='word_1_22' title='bbox 758 1062 869 1119; x_wconf 79' lang='lat' dir='ltr'>urano,</span> <span class='ocrx_word' id='word_1_23' title='bbox 901 1039 961 1104; x_wconf 86' lang='lat' dir='ltr'>uisi</span> <span class='ocrx_word' id='word_1_24' title='bbox 994 1046 1122 1104; x_wconf 90' lang='lat' dir='ltr'>tautum</span> <span class='ocrx_word' id='word_1_25' title='bbox 1153 1040 1240 1124; x_wconf 78' lang='lat' dir='ltr'>quod</span> <span class='ocrx_word' id='word_1_26' title='bbox 1269 1039 1406 1104; x_wconf 85' lang='lat' dir='ltr'>lectione</span> <span class='ocrx_word' id='word_1_27' title='bbox 1429 1038 1547 1123; x_wconf 80' lang='lat' dir='ltr'>legitur</span> <span class='ocrx_word' id='word_1_28' title='bbox 1568 1036 1601 1102; x_wconf 90' lang='lat' dir='ltr'>iu</span> 
     </span>
     <span class='ocr_line' id='line_1_5' title="bbox 426 1144 1601 1224; baseline -0.003 -9"><span class='ocrx_word' id='word_1_29' title='bbox 426 1151 604 1215; x_wconf 79' lang='lat' dir='ltr'>claustrum</span> <span class='ocrx_word' id='word_1_30' title='bbox 629 1156 660 1212; x_wconf 84' lang='lat' dir='ltr'>et</span> <span class='ocrx_word' id='word_1_31' title='bbox 685 1168 796 1211; x_wconf 62' lang='lat' dir='ltr'>versus</span> <span class='ocrx_word' id='word_1_32' title='bbox 819 1145 958 1224; x_wconf 87' lang='lat' dir='ltr'>dicatur,</span> <span class='ocrx_word' id='word_1_33' title='bbox 983 1150 1177 1213; x_wconf 58' lang='lat' dir='ltr'>derudatas</span> <span class='ocrx_word' id='word_1_34' title='bbox 1199 1171 1244 1214; x_wconf 76' lang='lat' dir='ltr'>cs.</span> <span class='ocrx_word' id='word_1_35' title='bbox 1276 1145 1397 1210; x_wconf 79' lang='lat' dir='ltr'>Psalmi</span> <span class='ocrx_word' id='word_1_36' title='bbox 1415 1144 1601 1212; x_wconf 71' lang='lat' dir='ltr'><strong>familiares.</strong></span> 
     </span>
     <span class='ocr_line' id='line_1_6' title="bbox 426 1250 1600 1340; baseline -0.006 -18"><span class='ocrx_word' id='word_1_37' title='bbox 426 1258 482 1340; x_wconf 90' lang='lat' dir='ltr'>qui</span> <span class='ocrx_word' id='word_1_38' title='bbox 516 1255 670 1321; x_wconf 83' lang='lat' dir='ltr'>dicuntur</span> <span class='ocrx_word' id='word_1_39' title='bbox 701 1253 734 1318; x_wconf 91' lang='lat' dir='ltr'>in</span> <span class='ocrx_word' id='word_1_40' title='bbox 769 1254 947 1318; x_wconf 84' lang='lat' dir='ltr'>matutinas</span> <span class='ocrx_word' id='word_1_41' title='bbox 977 1250 1111 1319; x_wconf 80' lang='lat' dir='ltr'>Laudes</span> <span class='ocrx_word' id='word_1_42' title='bbox 1140 1255 1300 1319; x_wconf 86' lang='lat' dir='ltr'>matutino</span> <span class='ocrx_word' id='word_1_43' title='bbox 1337 1253 1480 1318; x_wconf 70' lang='lat' dir='ltr'>(narnium</span> <span class='ocrx_word' id='word_1_44' title='bbox 1510 1272 1600 1316; x_wconf 80' lang='lat' dir='ltr'>sanc-</span> 
     </span>
     <span class='ocr_line' id='line_1_7' title="bbox 425 1358 1440 1447; baseline -0.002 -18"><span class='ocrx_word' id='word_1_45' title='bbox 425 1369 543 1447; x_wconf 82' lang='lat' dir='ltr'>torum,</span> <span class='ocrx_word' id='word_1_46' title='bbox 571 1362 621 1428; x_wconf 81' lang='lat' dir='ltr'>rcl</span> <span class='ocrx_word' id='word_1_47' title='bbox 645 1368 845 1426; x_wconf 84' lang='lat' dir='ltr'>mortuorum</span> <span class='ocrx_word' id='word_1_48' title='bbox 869 1380 933 1424; x_wconf 91' lang='lat' dir='ltr'>non</span> <span class='ocrx_word' id='word_1_49' title='bbox 957 1358 1109 1425; x_wconf 86' lang='lat' dir='ltr'>dicantur</span> <span class='ocrx_word' id='word_1_50' title='bbox 1132 1359 1192 1424; x_wconf 85' lang='lat' dir='ltr'>uisi</span> <span class='ocrx_word' id='word_1_51' title='bbox 1215 1359 1247 1424; x_wconf 90' lang='lat' dir='ltr'>iu</span> <span class='ocrx_word' id='word_1_52' title='bbox 1271 1358 1440 1427; x_wconf 79' lang='lat' dir='ltr'>aecclesia.</span> 
     </span>
    </p>
   </div>
   <div class='ocr_carea' id='block_1_4' title="bbox 604 1575 1428 1674">
    <p class='ocr_par' dir='ltr' id='par_1_4' title="bbox 604 1575 1428 1674">
     <span class='ocr_line' id='line_1_8' title="bbox 604 1575 1428 1674; baseline 0.005 -23"><span class='ocrx_word' id='word_1_53' title='bbox 604 1578 707 1672; x_wconf 85' lang='lat' dir='ltr'>Item,</span> <span class='ocrx_word' id='word_1_54' title='bbox 735 1575 882 1674; x_wconf 84' lang='lat' dir='ltr'>quando</span> <span class='ocrx_word' id='word_1_55' title='bbox 910 1575 994 1649; x_wconf 90' lang='lat' dir='ltr'>ituri</span> <span class='ocrx_word' id='word_1_56' title='bbox 1022 1587 1105 1651; x_wconf 86' lang='lat' dir='ltr'>sunt</span> <span class='ocrx_word' id='word_1_57' title='bbox 1134 1576 1182 1650; x_wconf 86' lang='lat' dir='ltr'>ad</span> <span class='ocrx_word' id='word_1_58' title='bbox 1208 1575 1428 1674; x_wconf 88' lang='lat' dir='ltr'>pristrinum.</span> 
     </span>
    </p>
   </div>
   <div class='ocr_carea' id='block_1_5' title="bbox 424 1748 1601 2054">
    <p class='ocr_par' dir='ltr' id='par_1_5' title="bbox 424 1748 1601 2054">
     <span class='ocr_line' id='line_1_9' title="bbox 514 1748 1600 1837; baseline -0.004 -18"><span class='ocrx_word' id='word_1_59' title='bbox 514 1753 578 1820; x_wconf 80' lang='lat' dir='ltr'>xl.</span> <span class='ocrx_word' id='word_1_60' title='bbox 612 1748 753 1837; x_wconf 81' lang='lat' dir='ltr'>Quando</span> <span class='ocrx_word' id='word_1_61' title='bbox 770 1748 891 1815; x_wconf 86' lang='lat' dir='ltr'>radant</span> <span class='ocrx_word' id='word_1_62' title='bbox 907 1749 951 1815; x_wconf 88' lang='lat' dir='ltr'>ad</span> <span class='ocrx_word' id='word_1_63' title='bbox 966 1750 1156 1834; x_wconf 81' lang='lat' dir='ltr'>pristriaum</span> <span class='ocrx_word' id='word_1_64' title='bbox 1172 1750 1316 1835; x_wconf 85' lang='lat' dir='ltr'>psalmos</span> <span class='ocrx_word' id='word_1_65' title='bbox 1329 1749 1369 1816; x_wconf 91' lang='lat' dir='ltr'>de</span> <span class='ocrx_word' id='word_1_66' title='bbox 1382 1751 1486 1836; x_wconf 82' lang='lat' dir='ltr'>prium</span> <span class='ocrx_word' id='word_1_67' title='bbox 1502 1750 1600 1837; x_wconf 85' lang='lat' dir='ltr'>non¹)</span> 
     </span>
     <span class='ocr_line' id='line_1_10' title="bbox 425 1856 1601 1942; baseline -0.003 -17"><span class='ocrx_word' id='word_1_68' title='bbox 425 1861 601 1941; x_wconf 78' lang='lat' dir='ltr'>dimittant.</span> <span class='ocrx_word' id='word_1_69' title='bbox 626 1857 683 1923; x_wconf 79' lang='lat' dir='ltr'>sed</span> <span class='ocrx_word' id='word_1_70' title='bbox 707 1864 782 1942; x_wconf 92' lang='lat' dir='ltr'>post</span> <span class='ocrx_word' id='word_1_71' title='bbox 805 1857 984 1942; x_wconf 80' lang='lat' dir='ltr'>capitulum</span> <span class='ocrx_word' id='word_1_72' title='bbox 1008 1856 1144 1922; x_wconf 88' lang='lat' dir='ltr'>abluant</span> <span class='ocrx_word' id='word_1_73' title='bbox 1160 1878 1274 1923; x_wconf 86' lang='lat' dir='ltr'>manus</span> <span class='ocrx_word' id='word_1_74' title='bbox 1290 1878 1378 1939; x_wconf 89' lang='lat' dir='ltr'>suas,</span> <span class='ocrx_word' id='word_1_75' title='bbox 1402 1867 1433 1923; x_wconf 83' lang='lat' dir='ltr'>et</span> <span class='ocrx_word' id='word_1_76' title='bbox 1451 1856 1601 1923; x_wconf 82' lang='lat' dir='ltr'>inchoent</span> 
     </span>
     <span class='ocr_line' id='line_1_11' title="bbox 424 1962 1600 2054; baseline -0.003 -22"><span class='ocrx_word' id='word_1_77' title='bbox 424 1969 567 2054; x_wconf 79' lang='lat' dir='ltr'>quinque</span> <span class='ocrx_word' id='word_1_78' title='bbox 600 1964 746 2051; x_wconf 85' lang='lat' dir='ltr'>psalmos</span> <span class='ocrx_word' id='word_1_79' title='bbox 775 1985 836 2048; x_wconf 88' lang='lat' dir='ltr'>pro</span> <span class='ocrx_word' id='word_1_80' title='bbox 866 1962 1038 2043; x_wconf 81' lang='lat' dir='ltr'>defunctis,</span> <span class='ocrx_word' id='word_1_81' title='bbox 1073 1971 1107 2030; x_wconf 84' lang='lat' dir='ltr'>ct</span> <span class='ocrx_word' id='word_1_82' title='bbox 1136 1963 1209 2029; x_wconf 90' lang='lat' dir='ltr'>illos</span> <span class='ocrx_word' id='word_1_83' title='bbox 1238 1962 1279 2029; x_wconf 83' lang='lat' dir='ltr'>de</span> <span class='ocrx_word' id='word_1_84' title='bbox 1309 1962 1397 2032; x_wconf 85' lang='lat' dir='ltr'>hon&#39;s</span> <span class='ocrx_word' id='word_1_85' title='bbox 1427 1963 1600 2041; x_wconf 87' lang='lat' dir='ltr'>canonicis,</span> 
     </span>
    </p>
   </div>
   <div class='ocr_carea' id='block_1_6' title="bbox 270 2059 1599 2162">
    <p class='ocr_par' dir='ltr' id='par_1_6' title="bbox 270 2059 1599 2162">
     <span class='ocr_line' id='line_1_12' title="bbox 270 2059 1599 2162; baseline -0.003 -22"><span class='ocrx_word' id='word_1_86' title='bbox 270 2115 276 2128; x_wconf 86' lang='lat'><strong>·</strong></span> <span class='ocrx_word' id='word_1_87' title='bbox 320 2097 331 2119; x_wconf 53' lang='grc' dir='ltr'><strong>τ</strong></span> <span class='ocrx_word' id='word_1_88' title='bbox 424 2073 619 2162; x_wconf 63' lang='lat' dir='ltr'>vindelicet,</span> <span class='ocrx_word' id='word_1_89' title='bbox 658 2074 749 2138; x_wconf 79' lang='lat' dir='ltr'>Deus</span> <span class='ocrx_word' id='word_1_90' title='bbox 787 2075 821 2137; x_wconf 80' lang='lat' dir='ltr'>in</span> <span class='ocrx_word' id='word_1_91' title='bbox 860 2059 988 2137; x_wconf 74' lang='lat' dir='ltr'>nimine</span> <span class='ocrx_word' id='word_1_92' title='bbox 1026 2086 1089 2139; x_wconf 85' lang='lat' dir='ltr'>tuo.</span> <span class='ocrx_word' id='word_1_93' title='bbox 1143 2070 1358 2137; x_wconf 76' lang='lat' dir='ltr'>Revertentes</span> <span class='ocrx_word' id='word_1_94' title='bbox 1392 2092 1457 2137; x_wconf 91' lang='lat' dir='ltr'>non</span> <span class='ocrx_word' id='word_1_95' title='bbox 1491 2069 1599 2156; x_wconf 74' lang='lat' dir='ltr'>legant</span> 
     </span>
    </p>
   </div>
   <div class='ocr_carea' id='block_1_7' title="bbox 423 2177 1602 2477">
    <p class='ocr_par' dir='ltr' id='par_1_7' title="bbox 423 2177 1602 2477">
     <span class='ocr_line' id='line_1_13' title="bbox 424 2177 1602 2262; baseline -0.001 -16"><span class='ocrx_word' id='word_1_96' title='bbox 424 2182 615 2262; x_wconf 85' lang='lat' dir='ltr'>lectionem,</span> <span class='ocrx_word' id='word_1_97' title='bbox 646 2178 707 2243; x_wconf 89' lang='lat' dir='ltr'>nisi</span> <span class='ocrx_word' id='word_1_98' title='bbox 738 2183 865 2243; x_wconf 88' lang='lat' dir='ltr'>tantum</span> <span class='ocrx_word' id='word_1_99' title='bbox 891 2199 1002 2243; x_wconf 77' lang='lat' dir='ltr'>versus</span> <span class='ocrx_word' id='word_1_100' title='bbox 1026 2177 1171 2261; x_wconf 82' lang='lat' dir='ltr'>dicotur,</span> <span class='ocrx_word' id='word_1_101' title='bbox 1202 2181 1397 2246; x_wconf 75' lang='lat' dir='ltr'>Brurdr&#39;ctus</span> <span class='ocrx_word' id='word_1_102' title='bbox 1419 2201 1453 2246; x_wconf 79' lang='lat' dir='ltr'>cs</span> <span class='ocrx_word' id='word_1_103' title='bbox 1476 2182 1602 2245; x_wconf 75' lang='lat' dir='ltr'>dormire·</span> 
     </span>
     <span class='ocr_line' id='line_1_14' title="bbox 424 2283 1602 2371; baseline -0.003 -17"><span class='ocrx_word' id='word_1_104' title='bbox 424 2290 513 2369; x_wconf 74' lang='lat' dir='ltr'>deris,</span> <span class='ocrx_word' id='word_1_105' title='bbox 538 2293 571 2354; x_wconf 89' lang='lat' dir='ltr'>et</span> <span class='ocrx_word' id='word_1_106' title='bbox 593 2293 672 2351; x_wconf 90' lang='lat' dir='ltr'>aute</span> <span class='ocrx_word' id='word_1_107' title='bbox 695 2283 873 2368; x_wconf 85' lang='lat' dir='ltr'>capitulum</span> <span class='ocrx_word' id='word_1_108' title='bbox 897 2290 985 2350; x_wconf 87' lang='lat' dir='ltr'>stent</span> <span class='ocrx_word' id='word_1_109' title='bbox 1008 2283 1150 2350; x_wconf 81' lang='lat' dir='ltr'>infantes</span> <span class='ocrx_word' id='word_1_110' title='bbox 1173 2306 1246 2350; x_wconf 87' lang='lat' dir='ltr'>cnm</span> <span class='ocrx_word' id='word_1_111' title='bbox 1266 2285 1440 2371; x_wconf 74' lang='lat' dir='ltr'>magistris,</span> <span class='ocrx_word' id='word_1_112' title='bbox 1464 2285 1602 2370; x_wconf 79' lang='lat' dir='ltr'>trrajores</span> 
     </span>
     <span class='ocr_line' id='line_1_15' title="bbox 423 2390 1161 2477; baseline 0.003 -18"><span class='ocrx_word' id='word_1_113' title='bbox 423 2396 456 2459; x_wconf 89' lang='lat' dir='ltr'>in</span> <span class='ocrx_word' id='word_1_114' title='bbox 479 2393 635 2472; x_wconf 83' lang='lat' dir='ltr'>claustro,</span> <span class='ocrx_word' id='word_1_115' title='bbox 659 2390 745 2475; x_wconf 89' lang='lat' dir='ltr'>quod</span> <span class='ocrx_word' id='word_1_116' title='bbox 770 2399 820 2457; x_wconf 87' lang='lat' dir='ltr'>est</span> <span class='ocrx_word' id='word_1_117' title='bbox 839 2392 935 2477; x_wconf 80' lang='lat' dir='ltr'>juxta</span> <span class='ocrx_word' id='word_1_118' title='bbox 959 2390 1161 2461; x_wconf 77' lang='lat' dir='ltr'>aecclesiam.</span> 
     </span>
    </p>
   </div>
   <div class='ocr_carea' id='block_1_8' title="bbox 328 2608 1601 2958">
    <p class='ocr_par' dir='ltr' id='par_1_8' title="bbox 328 2608 1601 2958">
     <span class='ocr_line' id='line_1_16' title="bbox 425 2608 1601 2712; baseline 0 -27"><span class='ocrx_word' id='word_1_119' title='bbox 425 2609 482 2687; x_wconf 89' lang='lat' dir='ltr'>Dc</span> <span class='ocrx_word' id='word_1_120' title='bbox 510 2611 630 2712; x_wconf 91' lang='lat' dir='ltr'>priore</span> <span class='ocrx_word' id='word_1_121' title='bbox 659 2609 868 2683; x_wconf 83' lang='lat' dir='ltr'>monasterii</span> <span class='ocrx_word' id='word_1_122' title='bbox 891 2609 949 2683; x_wconf 86' lang='lat' dir='ltr'>rel</span> <span class='ocrx_word' id='word_1_123' title='bbox 978 2608 1137 2705; x_wconf 59' lang='lat' dir='ltr'>decanis</span> <span class='ocrx_word' id='word_1_124' title='bbox 1164 2634 1229 2684; x_wconf 90' lang='lat' dir='ltr'>seu</span> <span class='ocrx_word' id='word_1_125' title='bbox 1256 2608 1325 2705; x_wconf 77' lang='lat' dir='ltr'>his,</span> <span class='ocrx_word' id='word_1_126' title='bbox 1353 2609 1415 2709; x_wconf 85' lang='lat' dir='ltr'>qui</span> <span class='ocrx_word' id='word_1_127' title='bbox 1439 2611 1601 2685; x_wconf 85' lang='lat' dir='ltr'>ordinem</span> 
     </span>
     <span class='ocr_line' id='line_1_17' title="bbox 328 2734 1600 2833; baseline -0.002 -20"><span class='ocrx_word' id='word_1_128' title='bbox 328 2744 331 2749; x_wconf 81' lang='grc'><strong>’</strong></span> <span class='ocrx_word' id='word_1_129' title='bbox 425 2737 580 2813; x_wconf 84' lang='lat' dir='ltr'>tenuerit</span> <span class='ocrx_word' id='word_1_130' title='bbox 608 2735 678 2809; x_wconf 83' lang='lat' dir='ltr'>iilis</span> <span class='ocrx_word' id='word_1_131' title='bbox 707 2735 931 2832; x_wconf 82' lang='lat' dir='ltr'>absentibus,</span> <span class='ocrx_word' id='word_1_132' title='bbox 959 2734 1019 2809; x_wconf 78' lang='lat' dir='ltr'>rel</span> <span class='ocrx_word' id='word_1_133' title='bbox 1043 2734 1228 2809; x_wconf 79' lang='lat' dir='ltr'>conuersis</span> <span class='ocrx_word' id='word_1_134' title='bbox 1247 2734 1403 2833; x_wconf 84' lang='lat' dir='ltr'>qualiter</span> <span class='ocrx_word' id='word_1_135' title='bbox 1422 2736 1600 2812; x_wconf 84' lang='lat' dir='ltr'>absconsa</span> 
     </span>
     <span class='ocr_line' id='line_1_18' title="bbox 739 2858 1291 2958; baseline 0.011 -26"><span class='ocrx_word' id='word_1_136' title='bbox 739 2858 924 2934; x_wconf 86' lang='lat' dir='ltr'>deseratur</span> <span class='ocrx_word' id='word_1_137' title='bbox 954 2860 1177 2958; x_wconf 82' lang='lat' dir='ltr'>temporibus</span> <span class='ocrx_word' id='word_1_138' title='bbox 1206 2859 1291 2940; x_wconf 84' lang='lat' dir='ltr'>suis.</span> 
     </span>
    </p>
   </div>
   <div class='ocr_carea' id='block_1_9' title="bbox 394 3033 1604 4618">
    <p class='ocr_par' dir='ltr' id='par_1_9' title="bbox 394 3033 1604 4618">
     <span class='ocr_line' id='line_1_19' title="bbox 514 3033 1601 3121; baseline 0.001 -18"><span class='ocrx_word' id='word_1_139' title='bbox 514 3036 602 3105; x_wconf 87' lang='lat' dir='ltr'>XII.</span> <span class='ocrx_word' id='word_1_140' title='bbox 628 3034 725 3101; x_wconf 89' lang='lat' dir='ltr'>Prior</span> <span class='ocrx_word' id='word_1_141' title='bbox 737 3034 785 3099; x_wconf 79' lang='lat' dir='ltr'>rol</span> <span class='ocrx_word' id='word_1_142' title='bbox 799 3033 944 3101; x_wconf 85' lang='lat' dir='ltr'>decanus</span> <span class='ocrx_word' id='word_1_143' title='bbox 955 3033 1168 3102; x_wconf 79' lang='lat' dir='ltr'>claustrensis</span> <span class='ocrx_word' id='word_1_144' title='bbox 1178 3042 1252 3119; x_wconf 94' lang='lat' dir='ltr'>post</span> <span class='ocrx_word' id='word_1_145' title='bbox 1263 3036 1507 3121; x_wconf 87' lang='lat' dir='ltr'>completorium</span> <span class='ocrx_word' id='word_1_146' title='bbox 1517 3041 1601 3105; x_wconf 90' lang='lat' dir='ltr'>acci·</span> 
     </span>
     <span class='ocr_line' id='line_1_20' title="bbox 424 3141 1602 3230; baseline 0.003 -22"><span class='ocrx_word' id='word_1_147' title='bbox 424 3146 517 3230; x_wconf 90' lang='lat' dir='ltr'>piens</span> <span class='ocrx_word' id='word_1_148' title='bbox 533 3142 728 3209; x_wconf 81' lang='lat' dir='ltr'>absconsam</span> <span class='ocrx_word' id='word_1_149' title='bbox 745 3142 921 3208; x_wconf 81' lang='lat' dir='ltr'>circumeat</span> <span class='ocrx_word' id='word_1_150' title='bbox 938 3141 1123 3224; x_wconf 83' lang='lat' dir='ltr'>claustrum</span> <span class='ocrx_word' id='word_1_151' title='bbox 1133 3142 1179 3207; x_wconf 90' lang='lat' dir='ltr'>sio</span> <span class='ocrx_word' id='word_1_152' title='bbox 1195 3163 1253 3226; x_wconf 82' lang='lat' dir='ltr'>per</span> <span class='ocrx_word' id='word_1_153' title='bbox 1271 3142 1428 3209; x_wconf 83' lang='lat' dir='ltr'>ordinem.</span> <span class='ocrx_word' id='word_1_154' title='bbox 1456 3144 1602 3212; x_wconf 89' lang='lat' dir='ltr'>Primum</span> 
     </span>
     <span class='ocr_line' id='line_1_21' title="bbox 424 3247 1603 3334; baseline 0.002 -17"><span class='ocrx_word' id='word_1_155' title='bbox 424 3250 686 3327; x_wconf 82' lang='lat' dir='ltr'>calefactorium,</span> <span class='ocrx_word' id='word_1_156' title='bbox 709 3247 1165 3334; x_wconf 81' lang='lat' dir='ltr'>postmodum1·cscctoriuur;</span> <span class='ocrx_word' id='word_1_157' title='bbox 1189 3247 1264 3313; x_wconf 84' lang='lat' dir='ltr'>dein</span> <span class='ocrx_word' id='word_1_158' title='bbox 1281 3249 1470 3334; x_wconf 81' lang='lat' dir='ltr'>coquinam:</span> <span class='ocrx_word' id='word_1_159' title='bbox 1494 3251 1603 3319; x_wconf 81' lang='lat' dir='ltr'>rideat</span> 
     </span>
     <span class='ocr_line' id='line_1_22' title="bbox 424 3352 1602 3442; baseline 0.005 -20"><span class='ocrx_word' id='word_1_160' title='bbox 424 3358 452 3423; x_wconf 87' lang='lat' dir='ltr'>si</span> <span class='ocrx_word' id='word_1_161' title='bbox 475 3355 557 3422; x_wconf 85' lang='lat' dir='ltr'>berre</span> <span class='ocrx_word' id='word_1_162' title='bbox 588 3358 676 3423; x_wconf 88' lang='lat' dir='ltr'>circa</span> <span class='ocrx_word' id='word_1_163' title='bbox 706 3356 810 3440; x_wconf 84' lang='lat' dir='ltr'>ipsam</span> <span class='ocrx_word' id='word_1_164' title='bbox 834 3355 941 3421; x_wconf 89' lang='lat' dir='ltr'>onmia</span> <span class='ocrx_word' id='word_1_165' title='bbox 967 3363 1043 3422; x_wconf 83' lang='lat' dir='ltr'>ncta</span> <span class='ocrx_word' id='word_1_166' title='bbox 1066 3362 1152 3422; x_wconf 88' lang='lat' dir='ltr'>sunt.</span> <span class='ocrx_word' id='word_1_167' title='bbox 1199 3352 1282 3421; x_wconf 87' lang='lat' dir='ltr'>lude</span> <span class='ocrx_word' id='word_1_168' title='bbox 1305 3377 1380 3421; x_wconf 77' lang='lat' dir='ltr'>vero</span> <span class='ocrx_word' id='word_1_169' title='bbox 1403 3356 1435 3422; x_wconf 91' lang='lat' dir='ltr'>in</span> <span class='ocrx_word' id='word_1_170' title='bbox 1459 3358 1602 3442; x_wconf 85' lang='lat' dir='ltr'>cellario,</span> 
     </span>
     <span class='ocr_line' id='line_1_23' title="bbox 424 3461 1603 3549; baseline 0.003 -19"><span class='ocrx_word' id='word_1_171' title='bbox 424 3466 452 3530; x_wconf 91' lang='lat' dir='ltr'>si</span> <span class='ocrx_word' id='word_1_172' title='bbox 475 3464 585 3531; x_wconf 84' lang='lat' dir='ltr'>omnia</span> <span class='ocrx_word' id='word_1_173' title='bbox 604 3484 750 3547; x_wconf 79' lang='lat' dir='ltr'>congrua</span> <span class='ocrx_word' id='word_1_174' title='bbox 765 3471 860 3528; x_wconf 86' lang='lat' dir='ltr'>suut:</span> <span class='ocrx_word' id='word_1_175' title='bbox 884 3485 922 3528; x_wconf 90' lang='lat' dir='ltr'>ac</span> <span class='ocrx_word' id='word_1_176' title='bbox 939 3461 1092 3547; x_wconf 79' lang='lat' dir='ltr'>deinceps</span> <span class='ocrx_word' id='word_1_177' title='bbox 1108 3484 1128 3528; x_wconf 88' lang='lat' dir='ltr'>a</span> <span class='ocrx_word' id='word_1_178' title='bbox 1143 3468 1237 3547; x_wconf 85' lang='lat' dir='ltr'>parte</span> <span class='ocrx_word' id='word_1_179' title='bbox 1252 3462 1479 3549; x_wconf 73' lang='lat' dir='ltr'>lielemospnae</span> <span class='ocrx_word' id='word_1_180' title='bbox 1495 3465 1603 3534; x_wconf 80' lang='lat' dir='ltr'>rideat</span> 
     </span>
     <span class='ocr_line' id='line_1_24' title="bbox 425 3562 1602 3657; baseline 0.003 -20"><span class='ocrx_word' id='word_1_181' title='bbox 425 3593 538 3638; x_wconf 86' lang='lat' dir='ltr'>omncs</span> <span class='ocrx_word' id='word_1_182' title='bbox 557 3572 679 3657; x_wconf 80' lang='lat' dir='ltr'>januas</span> <span class='ocrx_word' id='word_1_183' title='bbox 702 3570 730 3635; x_wconf 89' lang='lat' dir='ltr'>si</span> <span class='ocrx_word' id='word_1_184' title='bbox 754 3569 882 3635; x_wconf 83' lang='lat' dir='ltr'>firmate</span> <span class='ocrx_word' id='word_1_185' title='bbox 905 3569 1027 3635; x_wconf 84' lang='lat' dir='ltr'>fuerint</span> <span class='ocrx_word' id='word_1_186' title='bbox 1050 3568 1141 3638; x_wconf 78' lang='lat' dir='ltr'>irone.</span> <span class='ocrx_word' id='word_1_187' title='bbox 1177 3568 1391 3636; x_wconf 89' lang='lat' dir='ltr'>Postmodum</span> <span class='ocrx_word' id='word_1_188' title='bbox 1415 3573 1546 3639; x_wconf 75' lang='lat' dir='ltr'>renisus</span> <span class='ocrx_word' id='word_1_189' title='bbox 1568 3562 1602 3640; x_wconf 84' lang='lat' dir='ltr'>in’</span> 
     </span>
     <span class='ocr_line' id='line_1_25' title="bbox 425 3670 1602 3765; baseline 0.003 -22"><span class='ocrx_word' id='word_1_190' title='bbox 425 3676 556 3746; x_wconf 90' lang='lat' dir='ltr'>domum</span> <span class='ocrx_word' id='word_1_191' title='bbox 580 3677 781 3743; x_wconf 83' lang='lat' dir='ltr'>iufirmomun</span> <span class='ocrx_word' id='word_1_192' title='bbox 805 3674 925 3756; x_wconf 82' lang='lat' dir='ltr'>rideat,</span> <span class='ocrx_word' id='word_1_193' title='bbox 951 3676 978 3741; x_wconf 91' lang='lat' dir='ltr'>si</span> <span class='ocrx_word' id='word_1_194' title='bbox 1001 3670 1110 3741; x_wconf 69' lang='lat' dir='ltr'>‹intrria&#39;</span> <span class='ocrx_word' id='word_1_195' title='bbox 1133 3683 1221 3741; x_wconf 82' lang='lat' dir='ltr'>recte</span> <span class='ocrx_word' id='word_1_196' title='bbox 1244 3685 1395 3761; x_wconf 82' lang='lat' dir='ltr'>aguntur.</span> <span class='ocrx_word' id='word_1_197' title='bbox 1427 3676 1462 3745; x_wconf 89' lang='lat' dir='ltr'>Si</span> <span class='ocrx_word' id='word_1_198' title='bbox 1480 3679 1602 3765; x_wconf 80' lang='lat' dir='ltr'>aliquid</span> 
     </span>
     <span class='ocr_line' id='line_1_26' title="bbox 424 3781 1601 3867; baseline 0.003 -18"><span class='ocrx_word' id='word_1_199' title='bbox 424 3786 457 3851; x_wconf 90' lang='lat' dir='ltr'>iu</span> <span class='ocrx_word' id='word_1_200' title='bbox 481 3784 625 3851; x_wconf 83' lang='lat' dir='ltr'>claustro</span> <span class='ocrx_word' id='word_1_201' title='bbox 649 3781 851 3867; x_wconf 74' lang='lat' dir='ltr'>negligenter</span> <span class='ocrx_word' id='word_1_202' title='bbox 873 3783 1048 3863; x_wconf 80' lang='lat' dir='ltr'>invenerit,</span> <span class='ocrx_word' id='word_1_203' title='bbox 1079 3783 1112 3848; x_wconf 94' lang='lat' dir='ltr'>in</span> <span class='ocrx_word' id='word_1_204' title='bbox 1136 3782 1311 3849; x_wconf 85' lang='lat' dir='ltr'>crastiuum</span> <span class='ocrx_word' id='word_1_205' title='bbox 1336 3793 1482 3852; x_wconf 76' lang='lat' dir='ltr'>seruetur</span> <span class='ocrx_word' id='word_1_206' title='bbox 1504 3794 1537 3853; x_wconf 86' lang='lat' dir='ltr'>et</span> <span class='ocrx_word' id='word_1_207' title='bbox 1559 3788 1601 3855; x_wconf 75' lang='lat' dir='ltr'>ari</span> 
     </span>
     <span class='ocr_line' id='line_1_27' title="bbox 394 3887 1602 3977; baseline 0.005 -21"><span class='ocrx_word' id='word_1_208' title='bbox 394 3899 397 3904; x_wconf 79' lang='grc'><em>’</em></span> <span class='ocrx_word' id='word_1_209' title='bbox 425 3891 604 3977; x_wconf 86' lang='lat' dir='ltr'>capitulum</span> <span class='ocrx_word' id='word_1_210' title='bbox 628 3889 764 3956; x_wconf 64' lang='lat' dir='ltr'>«leserat.</span> <span class='ocrx_word' id='word_1_211' title='bbox 800 3887 853 3954; x_wconf 82' lang='lat' dir='ltr'>Do</span> <span class='ocrx_word' id='word_1_212' title='bbox 875 3899 972 3955; x_wconf 83' lang='lat' dir='ltr'>nocte</span> <span class='ocrx_word' id='word_1_213' title='bbox 996 3898 1069 3975; x_wconf 83' lang='lat' dir='ltr'>post</span> <span class='ocrx_word' id='word_1_214' title='bbox 1092 3897 1204 3956; x_wconf 85' lang='lat' dir='ltr'>ternas</span> <span class='ocrx_word' id='word_1_215' title='bbox 1227 3890 1391 3957; x_wconf 84' lang='lat' dir='ltr'>orationes</span> <span class='ocrx_word' id='word_1_216' title='bbox 1413 3901 1469 3959; x_wconf 86' lang='lat' dir='ltr'>eat</span> <span class='ocrx_word' id='word_1_217' title='bbox 1491 3893 1602 3963; x_wconf 81' lang='lat' dir='ltr'>irater.</span> 
     </span>
     <span class='ocr_line' id='line_1_28' title="bbox 424 3994 1602 4089; baseline 0.003 -24"><span class='ocrx_word' id='word_1_218' title='bbox 424 3999 480 4083; x_wconf 87' lang='lat' dir='ltr'>qui</span> <span class='ocrx_word' id='word_1_219' title='bbox 510 3999 658 4084; x_wconf 74' lang='lat' dir='ltr'>provisor</span> <span class='ocrx_word' id='word_1_220' title='bbox 690 4005 740 4062; x_wconf 86' lang='lat' dir='ltr'>est</span> <span class='ocrx_word' id='word_1_221' title='bbox 771 3994 812 4062; x_wconf 81' lang='lat' dir='ltr'>do</span> <span class='ocrx_word' id='word_1_222' title='bbox 843 3997 997 4079; x_wconf 84' lang='lat' dir='ltr'>intinuis,</span> <span class='ocrx_word' id='word_1_223' title='bbox 1032 4004 1066 4062; x_wconf 88' lang='lat' dir='ltr'>et</span> <span class='ocrx_word' id='word_1_224' title='bbox 1096 3994 1206 4062; x_wconf 87' lang='lat' dir='ltr'>rideat</span> <span class='ocrx_word' id='word_1_225' title='bbox 1235 4018 1276 4063; x_wconf 77' lang='lat' dir='ltr'>ne</span> <span class='ocrx_word' id='word_1_226' title='bbox 1306 3998 1424 4084; x_wconf 85' lang='lat' dir='ltr'>aliquis</span> <span class='ocrx_word' id='word_1_227' title='bbox 1454 4021 1494 4067; x_wconf 83' lang='lat' dir='ltr'>ex</span> <span class='ocrx_word' id='word_1_228' title='bbox 1523 4002 1602 4089; x_wconf 88' lang='lat' dir='ltr'>ipsis</span> 
     </span>
     <span class='ocr_line' id='line_1_29' title="bbox 425 4103 1603 4192; baseline 0.005 -22"><span class='ocrx_word' id='word_1_229' title='bbox 425 4112 580 4190; x_wconf 81' lang='lat' dir='ltr'>gravatus</span> <span class='ocrx_word' id='word_1_230' title='bbox 610 4125 723 4169; x_wconf 89' lang='lat' dir='ltr'>somno</span> <span class='ocrx_word' id='word_1_231' title='bbox 754 4113 922 4169; x_wconf 87' lang='lat' dir='ltr'>remaneat</span> <span class='ocrx_word' id='word_1_232' title='bbox 953 4103 986 4169; x_wconf 91' lang='lat' dir='ltr'>in</span> <span class='ocrx_word' id='word_1_233' title='bbox 1017 4103 1103 4169; x_wconf 83' lang='lat' dir='ltr'>lecto</span> <span class='ocrx_word' id='word_1_234' title='bbox 1133 4126 1203 4172; x_wconf 87' lang='lat' dir='ltr'>suo.</span> <span class='ocrx_word' id='word_1_235' title='bbox 1254 4103 1408 4172; x_wconf 82' lang='lat' dir='ltr'>Deoonus</span> <span class='ocrx_word' id='word_1_236' title='bbox 1436 4108 1603 4192; x_wconf 80' lang='lat' dir='ltr'>praefatus</span> 
     </span>
     <span class='ocr_line' id='line_1_30' title="bbox 427 4210 1602 4297; baseline 0.009 -22"><span class='ocrx_word' id='word_1_237' title='bbox 427 4211 476 4278; x_wconf 81' lang='lat' dir='ltr'>rel</span> <span class='ocrx_word' id='word_1_238' title='bbox 492 4211 575 4277; x_wconf 88' lang='lat' dir='ltr'>alius</span> <span class='ocrx_word' id='word_1_239' title='bbox 592 4210 704 4292; x_wconf 87' lang='lat' dir='ltr'>frater,</span> <span class='ocrx_word' id='word_1_240' title='bbox 722 4210 773 4276; x_wconf 92' lang='lat' dir='ltr'>cui</span> <span class='ocrx_word' id='word_1_241' title='bbox 789 4211 935 4294; x_wconf 89' lang='lat' dir='ltr'>injuncta</span> <span class='ocrx_word' id='word_1_242' title='bbox 952 4219 1001 4277; x_wconf 76' lang='lat' dir='ltr'>cst</span> <span class='ocrx_word' id='word_1_243' title='bbox 1019 4231 1107 4290; x_wconf 78' lang='lat' dir='ltr'>curo,</span> <span class='ocrx_word' id='word_1_244' title='bbox 1131 4233 1228 4297; x_wconf 87' lang='lat' dir='ltr'>quam</span> <span class='ocrx_word' id='word_1_245' title='bbox 1244 4232 1341 4296; x_wconf 77' lang='lat' dir='ltr'>supro</span> <span class='ocrx_word' id='word_1_246' title='bbox 1357 4213 1602 4287; x_wconf 80' lang='lat' dir='ltr'>nominavimus.</span> 
     </span>
     <span class='ocr_line' id='line_1_31' title="bbox 425 4316 1603 4401; baseline 0.006 -18"><span class='ocrx_word' id='word_1_247' title='bbox 425 4326 478 4384; x_wconf 87' lang='lat' dir='ltr'>eat</span> <span class='ocrx_word' id='word_1_248' title='bbox 495 4319 528 4383; x_wconf 91' lang='lat' dir='ltr'>in</span> <span class='ocrx_word' id='word_1_249' title='bbox 545 4317 781 4400; x_wconf 86' lang='lat' dir='ltr'>dormitorium,</span> <span class='ocrx_word' id='word_1_250' title='bbox 802 4338 843 4382; x_wconf 86' lang='lat' dir='ltr'>ne</span> <span class='ocrx_word' id='word_1_251' title='bbox 859 4316 979 4401; x_wconf 80' lang='lat' dir='ltr'>aliquis</span> <span class='ocrx_word' id='word_1_252' title='bbox 994 4340 1033 4382; x_wconf 81' lang='lat' dir='ltr'>ex</span> <span class='ocrx_word' id='word_1_253' title='bbox 1050 4317 1207 4384; x_wconf 83' lang='lat' dir='ltr'>fratribus</span> <span class='ocrx_word' id='word_1_254' title='bbox 1221 4320 1412 4386; x_wconf 79' lang='lat' dir='ltr'>remanserit</span> <span class='ocrx_word' id='word_1_255' title='bbox 1428 4320 1459 4386; x_wconf 86' lang='lat' dir='ltr'>ia</span> <span class='ocrx_word' id='word_1_256' title='bbox 1475 4320 1603 4390; x_wconf 83' lang='lat' dir='ltr'>lectulis</span> 
     </span>
     <span class='ocr_line' id='line_1_32' title="bbox 425 4422 1603 4516; baseline 0.008 -27"><span class='ocrx_word' id='word_1_257' title='bbox 425 4446 484 4509; x_wconf 82' lang='lat' dir='ltr'>per</span> <span class='ocrx_word' id='word_1_258' title='bbox 499 4424 706 4508; x_wconf 78' lang='lat' dir='ltr'>negligentia,</span> <span class='ocrx_word' id='word_1_259' title='bbox 731 4422 781 4490; x_wconf 83' lang='lat' dir='ltr'>rel</span> <span class='ocrx_word' id='word_1_260' title='bbox 798 4445 913 4509; x_wconf 87' lang='lat' dir='ltr'>soporo</span> <span class='ocrx_word' id='word_1_261' title='bbox 929 4422 1090 4505; x_wconf 80' lang='lat' dir='ltr'>detentus,</span> <span class='ocrx_word' id='word_1_262' title='bbox 1107 4431 1140 4491; x_wconf 87' lang='lat' dir='ltr'>et</span> <span class='ocrx_word' id='word_1_263' title='bbox 1156 4424 1326 4508; x_wconf 79' lang='lat' dir='ltr'>extinguat</span> <span class='ocrx_word' id='word_1_264' title='bbox 1341 4424 1425 4492; x_wconf 87' lang='lat' dir='ltr'>duas</span> <span class='ocrx_word' id='word_1_265' title='bbox 1439 4425 1603 4516; x_wconf 58' lang='lat' dir='ltr'>lucernam</span> 
     </span>
     <span class='ocr_line' id='line_1_33' title="bbox 424 4529 1604 4618; baseline 0.008 -22"><span class='ocrx_word' id='word_1_266' title='bbox 424 4532 566 4611; x_wconf 77' lang='lat' dir='ltr'>tertiam,</span> <span class='ocrx_word' id='word_1_267' title='bbox 596 4551 682 4614; x_wconf 82' lang='lat' dir='ltr'>quae</span> <span class='ocrx_word' id='word_1_268' title='bbox 705 4538 755 4596; x_wconf 84' lang='lat' dir='ltr'>est</span> <span class='ocrx_word' id='word_1_269' title='bbox 778 4531 811 4596; x_wconf 91' lang='lat' dir='ltr'>in</span> <span class='ocrx_word' id='word_1_270' title='bbox 835 4529 1059 4597; x_wconf 87' lang='lat' dir='ltr'>dormitorium</span> <span class='ocrx_word' id='word_1_271' title='bbox 1083 4540 1117 4599; x_wconf 87' lang='lat' dir='ltr'>ot</span> <span class='ocrx_word' id='word_1_272' title='bbox 1139 4533 1356 4598; x_wconf 79' lang='lat' dir='ltr'>necessarium</span> <span class='ocrx_word' id='word_1_273' title='bbox 1380 4532 1540 4618; x_wconf 81' lang='lat' dir='ltr'>dimittat,</span> <span class='ocrx_word' id='word_1_274' title='bbox 1571 4549 1604 4607; x_wconf 83' lang='lat' dir='ltr'>et</span> 
     </span>
    </p>
   </div>
   <div class='ocr_carea' id='block_1_10' title="bbox 465 4661 671 4776">
    <p class='ocr_par' dir='ltr' id='par_1_10' title="bbox 465 4661 671 4776">
     <span class='ocr_line' id='line_1_34' title="bbox 465 4661 671 4776; baseline 0 -13"><span class='ocrx_word' id='word_1_275' title='bbox 465 4663 468 4664; x_wconf 8' lang='grc' dir='ltr'><em>γ</em></span> <span class='ocrx_word' id='word_1_276' title='bbox 514 4661 537 4776; x_wconf 53' lang='lat' dir='ltr'>t)</span> <span class='ocrx_word' id='word_1_277' title='bbox 556 4708 671 4763; x_wconf 75' lang='lat' dir='ltr'>Rasum.</span> 
     </span>
    </p>
   </div>
   <div class='ocr_carea' id='block_1_11' title="bbox 0 0 1901 5375">
    <p class='ocr_par' dir='ltr' id='par_1_11' title="bbox 0 0 1901 5375">
     <span class='ocr_line' id='line_1_35' title="bbox 0 0 1901 5375; baseline 0 0"><span class='ocrx_word' id='word_1_278' title='bbox 0 0 1901 5375; x_wconf 95' lang='lat' dir='ltr'> </span> 
     </span>
    </p>
   </div>
  </div>
 </body>
</html>
