3792 5375
803 500 1025 562 ..31-

326 693 574 762 matutinalibus
607 691 758 758 laudibus
792 689 920 757 dicatur
953 690 1150 776 capitulum,
1181 693 1273 757 Inter
1305 691 1501 757 vestibulum

326 815 360 870 rt
395 806 515 868 ultore.
569 798 759 884 Antiphone
801 799 835 864 in
873 819 964 879 enm,
999 796 1082 864 Cam
1110 798 1287 885 jejunatis.
1342 795 1502 877 Codects,

327 913 472 977 Praesto
491 911 571 974 drus
583 909 743 993 fidelihus
765 908 839 972 tuis.
875 903 1026 989 Denique
1049 904 1082 969 in
1105 903 1195 969 horis
1217 910 1317 989 atque
1339 902 1503 988 obsequiis

327 1016 560 1081 matutinorum
594 1012 714 1079 cotidie
748 1011 858 1077 dicant
887 1010 1045 1077 lectiones
1063 1032 1117 1093 ex
1145 1010 1280 1096 jejunio.
1329 1009 1412 1096 Ipsa
1450 1007 1504 1074 die

327 1144 470 1208 nonique
505 1128 579 1206 post
610 1129 737 1185 sextam
771 1118 966 1184 secretarius
995 1116 1097 1183 saciat
1125 1139 1260 1203 parrum
1296 1114 1505 1182 intervallum

328 1240 362 1295 et
385 1238 454 1295 tum
477 1237 571 1294 sonet
601 1228 726 1310 signum
751 1224 777 1312 ][
808 1234 840 1291 ct
871 1245 983 1289 ornnes
1018 1245 1053 1289 se
1087 1224 1158 1289 sine
1191 1244 1282 1289 mors
1317 1221 1507 1289 discaltient

329 1344 429 1420 atque
453 1357 568 1400 mauris
591 1355 667 1399 suns
689 1332 809 1399 lavent.
863 1330 1013 1396 Infantes
1041 1331 1077 1396 in
1107 1330 1299 1395 aecclesiam
1327 1338 1405 1396 eant
1436 1329 1507 1395 sina

329 1444 436 1509 souitu
459 1442 640 1507 beramenti
669 1440 849 1505 orationem
880 1444 981 1521 ag¹ant
1012 1444 1089 1502 ante
1123 1437 1231 1503 altare
1261 1445 1294 1503 et
1323 1435 1445 1504 iratres
1474 1436 1508 1501 in

330 1548 503 1631 formabas,
535 1570 619 1633 quac
650 1546 832 1612 constituta
867 1552 916 1611 est
947 1551 1024 1609 ante
1052 1543 1185 1627 gruum.
1230 1544 1336 1610 Facto
1364 1545 1460 1628 signo
1487 1563 1510 1608 a

330 1658 440 1742 priore
460 1665 496 1720 ut
512 1661 645 1738 surgant
668 1653 710 1718 ab
733 1653 892 1734 oratione,
914 1649 990 1716 ilico
1006 1650 1097 1717 scola
1124 1651 1261 1736 incipiat
1282 1651 1509 1737 antiphonam,

331 1768 476 1849 Exurge
498 1767 594 1840 dcun
631 1760 696 1825 duo
718 1760 811 1843 signa
845 1766 1001 1824 sonentur
1029 1757 1135 1840 simul,
1163 1779 1259 1824 sersn
1287 1764 1447 1844 aequem
1474 1763 1510 1824 et

331 1869 510 1956 psalmum,
541 1872 631 1934 Dens
653 1869 792 1934 naribus
821 1873 921 1951 atque
947 1868 1063 1932 Gloria
1087 1866 1188 1952 porri
1213 1887 1287 1932 cnm
1315 1865 1510 1952 repetitione

331 1977 434 2062 ipsius
446 1974 622 2060 antiphone
645 1973 766 2041 dicant
805 1971 899 2038 Tunc
921 1971 1034 2037 dicant
1048 1972 1203 2039 sacerdus
1216 1994 1355 2056 rersnm‚
1371 1974 1512 2041 Ostende

333 2086 424 2152 nobis
447 2086 584 2150 dominc.
624 2082 732 2167 Kyrie
754 2083 889 2167 eleyson.
931 2081 1070 2146 Christe.
1109 2081 1149 2146 K
1137 2081 1226 2163 yrie.
1265 2083 1370 2148 Pater
1390 2093 1510 2147 metr.

334 2194 380 2257 Et
400 2217 440 2257 ne
463 2214 529 2258 tros.
576 2188 737 2267 Psalmus,
768 2191 861 2254 Dens
884 2191 1081 2255 oriscreatur
1110 2190 1220 2268 nodab
1241 2186 1421 2272 capitulum
1443 2185 1512 2253 sire

334 2319 477 2376 versum,
503 2300 547 2362 Et
568 2297 676 2362 acuit!
702 2309 802 2379 snper
831 2317 898 2361 nos.
944 2297 1106 2361 Dominus
1129 2296 1305 2364 reducum.
1348 2293 1511 2378 Conscia,

336 2407 479 2472 Concede
501 2425 696 2488 quassnnnts
719 2404 798 2468 dens
815 2402 993 2487 praesidia
1015 2406 1156 2468 militiae
1173 2402 1395 2469 Christianae.
1424 2399 1513 2467 Dein
1593 2440 1606 2457 ·

335 2512 487 2577 deveniat
512 2510 664 2576 sacerdos
694 2507 737 2574 ad
766 2507 888 2593 gradus
919 2507 1093 2574 benedicat
1127 2509 1252 2576 cineres
1284 2506 1513 2576 tantummodo

335 2619 421 2685 stola
444 2618 478 2683 in
501 2615 765 2695 onerabant,
790 2623 1000 2702 ctaspergat
1029 2638 1150 2702 aquam
1179 2615 1385 2683 benedictam
1413 2637 1515 2704 super

335 2729 478 2794 cinerem
502 2734 599 2811 atque
623 2725 764 2792 omnium
789 2724 926 2789 fratrum
951 2724 1062 2809 capita
1076 2726 1186 2790 mittat
1201 2731 1236 2791 et
1252 2723 1514 2792 cantorincboet

336 2833 560 2920 antiphonam,
584 2836 794 2900 Inrruutrmus
818 2834 966 2898 habitum
989 2837 1025 2897 et
1046 2832 1143 2916 aliae,
1166 2831 1254 2917 qnod
1283 2833 1442 2918 sequitur.
1471 2831 1514 2898 In

337 2942 409 3008 aliis
445 2940 560 3007 diebus
594 2938 727 3023 quando
761 2940 1001 3023 processionem
1036 2938 1155 3004 facturi
1187 2947 1281 3022 sunt,
1311 2937 1515 3006 solummodo

337 3070 436 3115 unam
470 3046 607 3113 dicatur.
668 3044 763 3112 Tunc
797 3044 919 3111 debent
949 3066 1010 3131 per
1047 3046 1256 3111 secretarium
1293 3045 1416 3113 iratres
1451 3045 1517 3111 iter

337 3176 495 3242 peragere
518 3153 686 3235 honaeste,
709 3159 748 3219 ut
769 3151 835 3218 duo
859 3153 1004 3219 conversi
1027 3151 1209 3237 procedant
1231 3160 1348 3236 antea,
1376 3173 1516 3238 qnonm

338 3284 423 3328 unus
446 3260 585 3345 accipiat
609 3281 728 3344 aquarn
752 3267 900 3325 sanctam
923 3266 959 3325 et
979 3259 1064 3325 alter
1085 3281 1216 3326 crucem
1237 3267 1273 3327 et
1294 3266 1372 3327 cant
1394 3259 1442 3326 sic
1456 3280 1518 3346 per

338 3367 496 3449 ordinem,
520 3376 556 3432 ut
578 3367 720 3432 infantes
743 3365 986 3451 subsequantur
1007 3388 1064 3433 cos
1086 3388 1161 3433 cnm
1184 3368 1358 3453 magistris.
1386 3365 1517 3435 Deinde

338 3475 461 3540 caeteri
484 3474 641 3540 conversi.
686 3473 727 3539 In
751 3474 925 3540 novissimo
948 3472 1004 3538 alii
1027 3472 1123 3539 sicuti
1147 3481 1223 3540 sunt
1244 3475 1381 3562 priores.
1416 3472 1517 3541 Anti·

339 3583 484 3668 phonas,
518 3603 601 3666 quas
635 3579 857 3666 praediximus
880 3588 1032 3664 exactas,
1071 3578 1154 3647 dnos
1188 3581 1329 3649 infantes
1360 3581 1518 3648 inchoent

259 3693 262 3697 ’
338 3687 502 3755 laetanias
532 3689 688 3774 majores,
724 3710 827 3773 usque
855 3687 931 3753 dum
961 3687 995 3754 in
1030 3688 1222 3754 aecclesiam
1249 3687 1420 3755 redierint.
1470 3685 1518 3755 Et

341 3805 418 3860 tnnc
439 3793 552 3859 dicant
567 3792 678 3879 aliqua
694 3802 882 3860 sanctarum
898 3795 1101 3878 seminarum,
1117 3795 1333 3881 adjungentes
1348 3799 1518 3884 Propitius

340 3916 424 3982 esto,
452 3898 724 3986 quemadmodum
746 3924 817 3968 mos
839 3909 890 3967 est
919 3901 1027 3967 iacere
1056 3904 1088 3967 in
1114 3901 1329 3987 brevibusque
1352 3901 1518 3970 laetani'm.

341 4008 398 4075 Ad
427 4008 560 4074 missam
587 4005 676 4074 dicat
705 4008 878 4089 diaconus,
905 4011 1093 4075 Flammas
1117 4031 1232 4095 genua
1265 4015 1301 4075 et
1331 4006 1376 4074 sd
1408 4008 1518 4091 finem,

343 4119 504 4184 llmnilite
526 4115 617 4203 (sici)
641 4119 752 4202 capita
775 4129 888 4182 vrstra
910 4119 979 4184 deo.
1014 4113 1055 4181 ln
1075 4113 1248 4182 refectorio
1269 4115 1409 4201 recipiat
1430 4114 1520 4182 belc-

341 4223 538 4290 mosinarius
560 4221 713 4308 quicquid
736 4223 930 4288 remanserit
960 4221 1002 4288 de
1024 4243 1111 4308 pane
1141 4222 1191 4289 rel
1216 4221 1259 4288 de
1278 4222 1356 4289 rino
1377 4229 1411 4289 et
1432 4244 1520 4303 mox,

342 4339 378 4397 nt
401 4329 498 4396 lectio
513 4329 687 4395 terminata
711 4328 820 4411 inerit,
834 4327 957 4395 babeat
979 4329 1050 4415 ipse
1070 4337 1147 4396 ante
1169 4328 1252 4395 duas
1266 4328 1381 4395 situlas
1393 4328 1520 4415 ligneas

341 4438 376 4503 in
399 4435 542 4503 medium
571 4436 672 4521 ipsius
701 4435 763 4502 loci
796 4443 830 4502 et
859 4434 949 4501 hictu
972 4435 1192 4520 percussionis
1220 4436 1310 4502 iacto
1336 4435 1372 4502 in
1400 4434 1520 4522 squilla

342 4541 590 4629 apprehendant
612 4541 755 4608 infantes
766 4542 914 4627 justitias
929 4549 963 4608 et
979 4564 1078 4628 super
1098 4542 1173 4627 ipsa
1193 4542 1328 4609 sascnla
1349 4540 1520 4609 amdam

343 4651 428 4717 rina.
475 4648 681 4716 Exeuntibus
709 4648 786 4716 inde
812 4671 888 4714 mox
914 4655 953 4714 nt
979 4650 1013 4715 in
1037 4647 1209 4717 ecclesiam
1231 4647 1352 4716 inerint
1378 4647 1522 4716 ismnlns
