3792 5375
844 640 1090 703 ..196-

377 832 510 898 incenso
527 837 561 897 et
576 852 694 916 aquam
709 829 893 915 benedicta,
916 830 968 897 rel
984 832 1071 898 omni
1091 832 1300 918 processione
1323 853 1422 917 snper
1439 830 1562 897 fossam

379 936 476 1003 debet
491 944 596 1022 stare,
615 937 760 1024 psalmos
776 937 932 1004 iratribus
948 937 1141 1004 canentibus
1155 939 1225 1023 ipse
1241 937 1340 1006 debet
1355 945 1390 1005 et
1404 937 1560 1005 collectas

378 1042 496 1110 dicere.
542 1042 625 1111 Cum
654 1066 732 1111 vero
756 1052 830 1130 post
854 1045 1018 1110 canticum
1043 1048 1234 1113 Benedictus
1257 1043 1440 1130 antiphona
1462 1043 1561 1111 inierit

377 1150 477 1235 dicta,
507 1150 662 1217 sacerdos
684 1152 874 1235 pronuntiet
896 1149 1046 1217 omnibus
1069 1151 1287 1234 audientibus,
1311 1155 1416 1220 Pater
1439 1162 1558 1219 noster.

377 1256 452 1344 Qua
473 1259 622 1324 oratioue
645 1256 738 1323 finita
762 1256 849 1322 dicat
873 1279 989 1342 preces
1004 1257 1119 1324 solitas
1137 1279 1197 1343 pro
1213 1257 1377 1325 defunctis
1392 1264 1427 1326 et
1441 1257 1559 1340 oratio,

385 1366 457 1432 Tibi
477 1367 617 1431 Domine
639 1367 913 1432 commendamus.
960 1362 1054 1431 Tunc
1077 1363 1198 1431 debent
1221 1364 1386 1432 dimittere
1408 1364 1503 1450 signa
1524 1369 1560 1430 et

376 1472 563 1556 extinguere
594 1491 704 1537 cereos
733 1480 767 1537 et
789 1470 880 1555 prior
902 1470 1054 1555 incipiat,
1084 1473 1246 1540 illicerent
1268 1474 1336 1539 md
1356 1475 1466 1553 Dens,
1495 1492 1558 1555 pro

375 1577 546 1644 animabus
568 1599 706 1664 quarum
729 1577 774 1642 ibi
797 1577 1007 1663 requiescunt
1029 1580 1086 1662 (sc.
1111 1580 1272 1664 corpora).
1317 1578 1445 1645 Iterum
1467 1575 1559 1643 (licat

375 1684 539 1765 sacerdos,
553 1688 655 1752 Pater
668 1698 791 1752 noster:
806 1693 922 1770 postea
933 1685 1124 1767 orationem,
1138 1688 1555 1773 Denscnjinsmiserntrbne.

375 1790 498 1857 Iternm
526 1791 633 1877 priore
656 1791 831 1876 incipiente
855 1790 969 1857 dicant
992 1798 1116 1877 septem
1138 1791 1282 1877 psalmos
1303 1791 1338 1858 iu
1361 1791 1462 1859 choro
1483 1811 1557 1877 pro·

374 1898 479 1967 sueti.
515 1897 551 1966 Si
567 1906 645 1964 onte
659 1897 766 1964 luceru
781 1897 884 1964 frater
898 1897 1025 1981 obierit,
1049 1898 1122 1983 ipsa
1137 1897 1189 1965 die
1205 1899 1358 1965 mittatur
1372 1899 1406 1965 in
1422 1905 1556 1976 terram

374 2012 512 2087 serrata,
537 2026 622 2091 qnae
637 2004 842 2090 supradicta
857 2011 917 2086 est,
933 2006 1021 2071 omui
1036 2003 1279 2072 consuetudine
1315 2003 1440 2073 Omnes
1456 2003 1556 2071 etiam

373 2111 498 2193 decani,
522 2111 573 2178 rel
596 2112 715 2179 iratres
737 2111 803 2192 alii,
827 2112 883 2198 qrri
905 2111 991 2178 iufra
1007 2134 1105 2178 sinam
1121 2118 1178 2179 aut
1194 2110 1277 2177 dnos
1292 2111 1408 2198 leugas
1422 2111 1555 2195 fuerint,

373 2240 445 2285 curn
473 2220 562 2285 omui
592 2220 731 2285 caritate
761 2217 880 2285 debent
910 2240 1100 2299 occurrere,
1135 2226 1168 2285 et
1197 2218 1241 2285 od
1271 2219 1400 2303 vigilias
1429 2217 1481 2285 rel
1509 2216 1555 2285 acl

373 2325 574 2411 sepulturam
598 2326 765 2411 adjuvare,
789 2333 821 2391 et
844 2323 969 2391 nullum
987 2325 1022 2391 in
1037 2324 1303 2393 monasteriensi
1319 2326 1353 2393 iu
1369 2324 1554 2408 refectorio,

372 2431 422 2498 vel
444 2433 478 2498 in
502 2432 704 2499 intirmorum
727 2432 824 2499 domo
847 2433 910 2498 nisi
933 2431 1087 2515 infantes,
1117 2440 1174 2498 aut
1196 2432 1339 2518 graviori
1361 2431 1555 2500 infirmitate

371 2538 496 2606 detenti
520 2549 696 2626 autequam
721 2561 838 2624 corpus
862 2538 1039 2624 sepeliatur
1062 2539 1112 2605 rel
1136 2538 1243 2606 cibum
1267 2537 1555 2629 debetsumere,1[

370 2654 429 2713 aut
449 2646 538 2715 iores
561 2646 658 2715 (lebet
681 2646 781 2715 exire.

460 2752 497 2822 Si
520 2754 675 2821 sacerdos
697 2753 812 2834 inerit,
842 2753 1030 2821 sacerdotes
1065 2753 1186 2822 debent
1208 2775 1328 2842 corpus
1351 2754 1496 2838 abluere,
1519 2763 1556 2822 et

371 2867 476 2928 totum
509 2859 608 2928 sunus
642 2860 830 2947 providere,
865 2860 908 2927 ad
943 2860 1137 2928 aecclesiam
1169 2867 1304 2947 portare
1338 2868 1373 2929 et
1405 2862 1555 2929 interra

370 2968 510 3040 mittere.
558 2967 594 3034 Si
617 2966 718 3034 lenita
739 2967 850 3051 inerit,
872 2965 982 3038 levite.
1021 2966 1057 3035 si
1080 2968 1196 3052 laicus,
1218 2967 1306 3038 laici.
1345 2966 1382 3036 si
1405 2968 1552 3053 contigit,

369 3080 407 3141 ut
428 3074 470 3142 de
491 3075 601 3161 pueris
623 3075 813 3141 monasterii
835 3075 1009 3156 moriatur,
1040 3074 1139 3142 debet
1161 3074 1232 3141 fieri
1254 3096 1314 3161 per
1336 3074 1446 3141 omnia
1467 3074 1553 3141 sicut

369 3181 411 3248 de
435 3181 613 3267 majoribus
636 3181 802 3251 iratribus.
849 3180 903 3249 De
929 3181 1010 3267 ipsis
1039 3180 1219 3249 inlautilnus
1245 3180 1358 3248 lavent
1386 3185 1487 3267 atque
1515 3181 1551 3248 iu

368 3288 524 3356 feretrum
554 3311 627 3356 enm
658 3286 834 3369 collocent,
865 3295 898 3355 et
927 3288 962 3355 in
985 3285 1158 3354 ecclesiam
1180 3286 1373 3374 deportent,
1403 3293 1438 3355 et
1459 3295 1551 3376 post·

368 3395 499 3463 modum
522 3404 667 3483 tempore
690 3396 870 3463 constituto
897 3394 940 3461 ad
971 3394 1093 3463 fossam
1117 3393 1282 3478 deferant,
1312 3396 1381 3464 sire
1403 3394 1437 3461 in
1460 3403 1552 3463 terra

367 3504 511 3570 mittant.
564 3503 647 3571 Post
681 3501 861 3589 capitulum
891 3501 1006 3569 tnbnla
1035 3501 1167 3588 pulsata
1195 3502 1303 3569 nullus
1332 3500 1487 3589 loquatur
1514 3502 1550 3570 in

367 3610 523 3694 claustro,
546 3609 605 3677 sed
620 3631 733 3677 omnes
751 3616 830 3676 eant
852 3608 896 3676 ad
911 3631 1041 3696 corpus,
1064 3617 1197 3696 praeter
1218 3607 1303 3692 illos,
1326 3608 1384 3694 qui
1399 3609 1434 3675 in
1449 3609 1550 3677 variis

367 3716 479 3785 officiis
501 3715 623 3784 inerint
645 3716 845 3801 occupati¹)
877 3714 1041 3802 Quamdiu
1065 3722 1117 3784 est
1138 3737 1258 3802 corpus
1272 3712 1386 3782 fratris
1401 3714 1550 3784 defuncti

368 3846 466 3910 super
488 3832 622 3906 terram,
644 3822 753 3889 nullus
775 3822 931 3909 loquutur
954 3824 987 3889 iu
1002 3823 1156 3890 claustro.
1189 3821 1268 3907 lpso
1284 3821 1337 3888 die
1352 3843 1420 3889 nou
1435 3828 1551 3891 meent

365 3932 496 4016 pueri¹)
533 3929 729 4016 capitulum,
771 3938 804 3996 et
845 3929 1099 4016 elemosynarius
1133 3929 1275 4015 accipiat
1307 3927 1463 4016 quicquid
1496 3950 1548 3997 re·

366 4037 525 4104 manserit
551 4036 592 4104 de
615 4035 804 4118 refectorio,
835 4057 953 4123 panem
983 4043 1018 4103 et
1040 4037 1160 4107 nuum.
1206 4034 1243 4103 Si
1266 4042 1345 4102 ante
1367 4034 1473 4104 lucem
1496 4037 1549 4104 nel

366 4150 444 4211 ante
466 4143 644 4230 capitulum
665 4143 865 4228 migraverit,
888 4142 988 4211 (lebet
1010 4165 1083 4210 eum
1104 4143 1242 4211 domnus
1257 4142 1362 4211 abbas
1377 4141 1549 4211 absolvere

366 4261 442 4337 post
451 4252 476 4337 ¹)
506 4272 688 4319 sermonem
710 4250 851 4334 iactum3
881 4251 909 4317 si
936 4258 1068 4337 postea,
1097 4249 1156 4317 fiat
1188 4250 1223 4316 iu
1252 4251 1442 4320 crastiuum.
1481 4249 1548 4318 Ar·

365 4357 488 4425 marius
521 4356 682 4425 inscribat
716 4356 838 4425 tabella
868 4379 925 4425 sex
954 4357 1074 4424 fratres
1108 4356 1316 4440 nominatim,
1356 4357 1413 4444 qui
1443 4376 1547 4445 usque

365 4462 409 4529 acl
439 4465 638 4550 trigesimum
668 4463 754 4532 diem
783 4465 855 4532 siue
888 4464 1126 4532 intermissione
1156 4462 1278 4533 cotidie
1311 4462 1454 4532 offerant
1482 4462 1547 4533 <leo

365 4591 477 4638 sacras
511 4569 637 4638 hostias
669 4591 730 4657 pro
763 4570 822 4638 iila
859 4572 978 4638 anima
1031 4570 1263 4659 Unusquisque
1295 4576 1334 4637 nt
1367 4569 1548 4657 expleverit

363 4714 578 4727 *mo-u-

454 4801 608 4874 ,m
