3792 5375
770 463 973 525 ..3-

276 654 479 721 nobilissima
495 655 631 740 expetiit
654 655 774 738 gratia.
796 664 898 740 atque
920 675 1147 739 quaecumque
1169 652 1215 720 mi
1237 651 1400 738 probatae
1415 668 1470 715 ex·

278 763 459 849 perientiae
482 760 615 840 dedicit,
640 761 763 847 duplici
786 762 849 827 hoc
872 784 933 847 pro
956 761 1153 827 diffinitione
1173 759 1218 826 ad
1241 780 1362 845 purum
1391 776 1470 822 ouu-

276 870 398 948 texuit,
422 878 456 933 et
478 869 525 933 ad
547 868 705 934 honorem
735 869 842 934 nostri
871 868 1057 934 Salvatoris
1087 868 1369 956 intemerataeqne
1400 861 1471 947 ejus

276 976 421 1061 piissime
444 976 613 1060 genitricis
635 976 668 1041 in
685 976 886 1041 monasterio
907 997 970 1040 suo
992 973 1056 1041 sub
1079 974 1314 1059 religiosissimi
1336 968 1471 1039 abbatis

277 1082 408 1167 «Ioseph
438 1094 695 1168 sanctorumque
736 1083 883 1168 piissime
914 1082 1152 1149 monachorum
1181 1080 1286 1168 Apuli
1316 1088 1471 1147 catenae

278 1189 478 1274 conspectui,
510 1191 669 1274 quatinus
698 1189 817 1254 salutis
845 1190 888 1255 sit
914 1189 1070 1255 solatium
1104 1188 1332 1274 presentibus,
1358 1182 1472 1252 haedi·

279 1295 456 1381 ficativque
492 1297 665 1382 profutura
703 1295 956 1362 succedentibus
985 1297 1021 1361 in
1051 1294 1188 1362 Christo
1221 1296 1300 1381 jesu
1337 1290 1472 1361 domino

279 1411 404 1470 nostro.

368 1510 445 1597 ][In
468 1510 640 1576 ordinibus
656 1519 847 1575 sanctorum
862 1509 1095 1576 coenobiorum
1111 1510 1259 1576 threnos.
1303 1506 1472 1594 Incipiunt
1555 1532 1597 1574 τοι.
1612 1535 1652 1574 ιι,

279 1617 375 1702 primi
399 1617 484 1686 libri
530 1617 690 1683 Continet
712 1619 746 1682 in
770 1640 807 1683 se
829 1639 907 1683 usus
930 1617 1168 1683 monachorum
1189 1618 1254 1684 iste
1275 1616 1415 1683 libellus.

387 1760 504 1845 Atque
527 1761 612 1826 alias
634 1784 755 1840 rerum,
779 1760 936 1827 collectas
960 1761 1105 1847 undique
1128 1782 1249 1827 musas

387 1866 485 1950 Quae
507 1876 644 1953 possent
666 1869 812 1933 animum
836 1868 1036 1934 titubantem
1058 1868 1176 1935 tollere
1198 1889 1330 1935 sursum

388 1974 576 2041 Leucasmo
597 1975 692 2060 pacis
713 1976 880 2060 sapientia
893 1976 975 2042 ulia
996 1975 1094 2043 nobis

388 2080 532 2167 Saepius
553 2083 701 2168 adponat
725 2082 847 2149 clarius
867 2089 903 2149 et
924 2090 1061 2168 pectora
1083 2091 1205 2170 pascet

389 2190 505 2274 Atque
528 2189 652 2256 docens
672 2191 819 2256 animum
842 2190 1004 2275 paulatim
1025 2188 1129 2257 ducat
1149 2192 1187 2258 in
1209 2191 1315 2259 altnn

390 2296 480 2362 t'ilia
503 2304 670 2363 sectantes
693 2319 760 2363 non
782 2299 894 2364 omnia
915 2320 1092 2384 possumus
1112 2319 1227 2365 omnes

389 2403 485 2470 Finis
506 2406 594 2470 euim
618 2404 733 2470 mundi
755 2404 936 2471 uoffeeibus
957 2405 1105 2491 implicat
1127 2407 1212 2473 aeri.

389 2511 436 2576 Et
459 2520 554 2577 retus
577 2511 738 2577 ecclesiae
761 2534 877 2578 senum
899 2520 1087 2581 monstrant
1108 2512 1231 2599 ubique

390 2616 460 2685 Sed
481 2628 518 2684 tu
541 2624 621 2684 nate
643 2618 698 2683 dei
720 2618 863 2685 clemens
884 2620 1109 2687 miserescito
1131 2619 1238 2689 nostri

390 2727 507 2811 Atque
529 2734 732 2793 senectutem
754 2749 896 2812 sponsae
917 2750 986 2794 non
1008 2729 1142 2814 penitus
1163 2728 1226 2796 abs
1246 2736 1284 2797 te

390 2832 595 2918 Prolongare
618 2834 700 2900 retis
723 2833 783 2900 sed
804 2856 894 2901 nnnc
915 2836 1101 2903 suouurrito
1122 2835 1227 2923 lapsis

392 2941 573 3006 Illustraus
594 2963 729 3007 sensum
749 2964 817 3026 quo
839 2951 873 3007 te
895 2964 1096 3026 quaeramus
1119 2942 1300 3011 amandun

392 3048 459 3133 Qui
481 3049 575 3134 prior
595 3048 658 3114 has
680 3056 788 3115 terras
808 3048 942 3116 humilis
964 3049 1092 3116 intrare
1114 3049 1250 3117 solebas

396 3155 442 3222 [t
464 3177 526 3221 nos
548 3154 593 3220 ad
616 3156 746 3222 melum
769 3156 897 3222 faceres
918 3156 1143 3223 conscendere
1165 3179 1296 3224 sursum

393 3262 439 3326 Et
464 3270 575 3328 tecum
597 3285 700 3347 reguo
724 3285 856 3349 semper
874 3263 1022 3348 gaudere
1044 3286 1190 3351 superno

392 3367 466 3433 Hos
475 3369 504 3455 ¹)
529 3369 633 3434 irater
656 3368 755 3435 dores
777 3369 903 3436 studuit
922 3372 1060 3456 juxtare
1075 3372 1243 3439 iohanne·

392 3474 511 3540 Dultia
534 3476 732 3542 circmiiieus
754 3486 789 3542 ut
813 3478 889 3563 apis
909 3500 973 3563 per
992 3480 1141 3562 germina
1163 3500 1305 3565 pasoem

392 3581 490 3647 Haec
511 3582 703 3668 quicunqne
724 3581 808 3669 legis
828 3591 862 3651 et
885 3607 1016 3651 sursum
1037 3586 1163 3669 gaudia
1182 3588 1318 3674 quaeris

393 3688 558 3773 Scriptori
581 3690 712 3755 reniam
735 3690 856 3758 studiis
877 3714 939 3777 pro
962 3692 1088 3760 talibus
1108 3715 1186 3761 ores

394 3793 431 3860 Si
456 3794 515 3859 tibi
539 3817 734 3880 umgnarnm
756 3799 846 3882 potis
867 3805 920 3864 est
941 3799 1114 3885 adtingere
1136 3822 1249 3868 rerum

393 3901 541 3967 Fercula
563 3901 710 3984 delicias,
733 3926 820 3989 quae
843 3904 985 3990 flagrant
1007 3907 1154 3995 undique
1176 3915 1312 3976 undu

394 4007 471 4073 litio
494 4008 642 4073 invenies
663 4010 825 4094 quidquid
848 4034 939 4078 mure
961 4015 1067 4080 nutrit
1088 4014 1264 4096 edendum,

393 4114 556 4200 Qciicquic
572 4124 662 4180 tetra
677 4126 781 4201 creat,
803 4119 962 4204 quicquid
983 4121 1028 4187 ad
1051 4130 1146 4188 astra
1168 4121 1307 4212 rolat‘)

395 4222 446 4287 At
467 4243 530 4287 nos
552 4223 704 4306 exiguum
728 4225 911 4310 scripturas
934 4228 1120 4313 carpsimus
1140 4228 1273 4297 hortum

395 4327 511 4394 Rubra
536 4327 617 4413 quid
640 4329 686 4394 ad
707 4332 853 4415 positum
874 4339 966 4401 testa
985 4335 1155 4402 ministrat
1174 4335 1275 4404 huius

378 4544 401 4611 ¹)
419 4541 586 4598 Rubrieator
601 4542 639 4600 ll.
655 4542 686 4598 in
703 4543 738 4599 N.
755 4547 886 4606 minxit

376 4630 748 4701 numentanam
