3792 5375
775 535 995 598 ...57-

466 767 588 841 Mores
618 763 807 866 paschales
836 764 889 840 sic
916 764 1119 842 observetis
1147 775 1308 848 orantes.

387 940 498 1009 nt'll.
539 940 603 1006 Die
626 940 731 1006 sancti
747 939 910 1007 Dominici
934 938 1079 1027 paschae
1102 947 1182 1008 ante
1205 941 1397 1010 nocturnale
1419 941 1475 1011 ob·

296 1049 443 1135 sequium
467 1047 689 1114 accendantur
710 1068 822 1113 omnes
843 1068 983 1113 coronae
1001 1056 1035 1114 et
1051 1046 1124 1126 sari,
1149 1054 1183 1114 et
1198 1049 1262 1115 tria
1277 1048 1475 1117 candelabra

297 1165 374 1223 ante
398 1155 513 1233 altare,
537 1161 571 1219 et
594 1175 659 1219 urna
682 1161 755 1240 post
779 1160 905 1239 tergum
929 1155 1011 1241 ejus.
1062 1152 1119 1221 Ad
1143 1155 1272 1222 cantica
1293 1166 1477 1242 augeantur

296 1262 468 1329 duodecim
493 1260 639 1327 anterius
663 1267 696 1326 et
718 1281 831 1327 norem
855 1261 1018 1346 posterius
1046 1267 1078 1328 et
1109 1260 1293 1347 quindecim
1316 1263 1476 1350 superius.

297 1370 495 1437 vitatorium
520 1391 537 1432 a
563 1375 717 1454 quattuor
738 1367 968 1433 decantabitur
989 1367 1022 1435 in
1046 1368 1171 1455 cappis.
1220 1367 1277 1436 Aa
1299 1376 1476 1437 nocturnas

296 1498 363 1542 una
392 1498 448 1541 sex
475 1474 593 1561 psalmi
628 1475 844 1541 terminentur
872 1474 1070 1560 antiphona,
1101 1478 1177 1561 &0
1204 1500 1278 1545 suan
1309 1481 1371 1565 qui
1392 1501 1474 1546 suan.

297 1584 339 1650 In
355 1581 509 1666 seeundo,
533 1584 711 1649 Postrrlavi
724 1595 834 1667 patre.
869 1581 927 1647 Ad
943 1580 1095 1662 Cantica,
1112 1583 1188 1668 Ego
1202 1583 1355 1653 dornriru'.
1390 1581 1476 1652 Octo

295 1691 452 1756 lectiones
475 1688 516 1755 de
540 1688 779 1775 sollempnitate
798 1708 839 1753 ex
856 1688 1022 1775 evangelio
1038 1689 1251 1776 expositionis
1265 1689 1395 1776 vigiliae
1411 1690 1475 1758 diei

296 1796 427 1863 sabbati
439 1796 529 1863 beati
541 1795 722 1876 hieronimi,
742 1797 879 1882 Vespere
893 1808 1002 1864 autern
1016 1799 1159 1876 sabbati,
1172 1820 1257 1884 qnae
1271 1797 1476 1868 luccessr't.(⁸)
1558 1825 1586 1854 ὐ

296 1906 378 1970 Post
403 1904 505 1970 trinas
528 1903 684 1970 lectiones
706 1903 748 1969 sit
771 1901 925 1970 sacerdos
940 1902 1076 1970 indutus
1098 1924 1216 1990 cappa,
1239 1902 1386 1972 incenset
1401 1911 1474 1972 tan·

295 2019 366 2078 tum
391 2009 572 2098 principale
595 2011 709 2090 altare,
734 2017 766 2077 et
787 2007 905 2075 deiude
921 2008 1042 2077 fratms
1057 2011 1090 2077 in
1106 2010 1217 2078 choro.
1253 2011 1475 2098 Responsoria

296 2143 316 2184 a
346 2118 431 2183 binis
465 2116 623 2184 dicentur.
682 2116 723 2182 Iu
757 2116 857 2182 tertia
891 2123 1051 2183 nocturno
1085 2115 1243 2184 recitetur
1275 2118 1475 2205 evangelium

295 2226 398 2312 ipsius
428 2225 492 2291 diei
523 2224 733 2309 expositionis
762 2223 851 2289 beati
881 2224 1022 2309 gregorii
1056 2245 1175 2312 papae.
1232 2223 1274 2291 In
1307 2226 1476 2293 matutinis

295 2332 466 2413 laudibus,
497 2331 674 2418 antiphone
696 2332 837 2422 quinque
867 2329 1019 2398 dicentur
1053 2340 1087 2399 et
1119 2352 1182 2418 per
1214 2351 1475 2420 unamquamque

296 2439 507 2525 autiphonam
538 2438 615 2506 dum
644 2439 754 2505 finitur
775 2444 929 2524 repetant
953 2439 1104 2529 Allelrp‘a
1126 2459 1168 2505 ex
1189 2437 1273 2525 ipsa,
1296 2425 1475 2528 eademqne

297 2549 329 2612 in
353 2547 441 2612 horis
457 2545 591 2616 sarciant.
627 2544 683 2612 Aa
706 2545 879 2613 stationem
903 2545 1160 2631 responsorium,
1183 2547 1229 2613 Er
1249 2549 1349 2615 valde
1369 2570 1474 2629 mane,

297 2654 345 2721 rel
372 2657 488 2722 ,llario
512 2657 723 2742 erragdalena.
768 2651 970 2735 Versiculos,
995 2655 1109 2722 Dicite
1129 2655 1167 2721 ἐπ
1189 2656 1392 2738 satiatricem
1414 2653 1499 2724 ool.

295 2760 415 2828 lectam
439 2782 478 2827 ex
501 2763 573 2848 ipsa
597 2762 845 2842 resurrectione,
869 2781 954 2846 cquae
975 2758 1160 2829 conveniat.
1199 2758 1400 2847 Priusquam
1414 2762 1478 2849 pri·
1510 2831 1515 2843 ,

296 2890 380 2935 maru
404 2869 568 2952 inchoent,
595 2877 662 2935 tres
684 2867 803 2934 calices
826 2887 954 2948 aureos,
978 2874 1011 2934 et
1035 2866 1194 2955 reliquiae
1216 2866 1375 2957 minores,
1405 2889 1479 2935 cum

295 2976 368 3042 aliis
397 2977 532 3062 insignis
561 2972 801 3063 imperialibus,
837 2981 871 3040 et
901 2973 966 3040 duo
997 2973 1217 3058 candelabra,
1247 2996 1332 3062 quae
1357 2975 1479 3062 jugiter

294 3083 434 3150 ardeant
461 3082 651 3170 perhendie,
681 3082 714 3148 in
740 3079 846 3147 altare
875 3086 1110 3167 superponant.
1161 3080 1203 3147 In
1232 3079 1322 3148 horis
1344 3081 1479 3167 ungulis

294 3192 520 3258 accendantur
541 3191 609 3257 tria
631 3186 839 3257 candelabra.
875 3185 932 3254 Ad
948 3186 1143 3274 hymnorum
1161 3186 1259 3254 finem
1282 3187 1477 3256 decantem:

296 3299 500 3379 Qreaesumns
530 3309 647 3364 erector
675 3300 828 3363 orciniam.
877 3297 994 3362 Gloria
1018 3298 1082 3363 riba·
1099 3298 1239 3363 dentiae.
1286 3293 1343 3363 hd
1372 3303 1477 3363 matu·

293 3405 427 3472 tinalcm
457 3404 589 3470 missam
622 3423 688 3469 cuna
718 3400 919 3468 solummodo
949 3402 1088 3469 collecta
1116 3403 1305 3488 imponatur
1327 3409 1361 3470 et
1383 3423 1476 3490 prae·

294 3512 408 3598 phatio
438 3532 502 3576 nou
527 3510 721 3577 dimittatur.
768 3507 885 3575 Abbas
907 3530 1050 3594 namque
1069 3507 1206 3596 jubeat,
1236 3514 1273 3575 ut
1295 3507 1414 3597 aliquis
1436 3530 1476 3576 ex

294 3617 452 3684 iratribus
481 3616 579 3683 alium
611 3618 743 3683 missam
773 3624 871 3682 canat
894 3615 937 3681 ad
968 3615 1076 3684 altare
1098 3622 1234 3683 mactae
1261 3616 1367 3683 crucia
1389 3637 1476 3684 com·

291 3725 516 3791 iuuarieaturas
530 3724 644 3791 laicos.
679 3723 767 3790 Dum
782 3725 933 3805 Sanetus,
956 3737 1092 3790 secretas
1102 3721 1199 3790 istius
1211 3722 1330 3789 missae
1346 3720 1476 3804 dicitur,

291 3854 310 3897 a
336 3832 477 3898 marimo
500 3852 602 3917 usque
625 3829 669 3896 ad
692 3828 858 3895 minimum
883 3830 1066 3896 vestiantur
1088 3827 1184 3896 albis.
1226 3828 1308 3896 Mox
1330 3836 1368 3896 ut
1389 3850 1475 3917 aqua

291 3937 391 4005 iuuerit
420 3937 611 4021 benedicta,
652 3938 811 4022 inponant
844 3934 930 4002 lianc
960 3934 1193 4022 arrtiphonam,
1232 3937 1310 4003 Vidi
1340 3959 1475 4024 aquarn.

291 4043 385 4111 Tune
409 4046 541 4111 veniunt
565 4044 630 4111 duo
654 4066 693 4111 ex
713 4041 886 4129 juvenibus
910 4051 967 4107 aut
991 4040 1032 4108 de
1055 4040 1254 4125 infantibus,
1278 4042 1397 4128 quibus
1419 4063 1476 4110 an·

290 4154 400 4219 ucrerit
422 4150 601 4233 armarius,
629 4158 661 4217 et
684 4148 890 4236 induerunt
912 4150 1049 4233 tunicis,
1079 4148 1124 4216 nd
1147 4146 1341 4215 deserendos
1364 4156 1474 4217 textos
1591 4205 1599 4219 .
1643 4187 1655 4211 .

290 4259 466 4345 evangelii;
497 4259 685 4325 sacerdotes
722 4263 878 4343 quattuor
918 4257 1085 4323 uenientes
1122 4254 1288 4341 accipiant
1317 4254 1474 4341 reliquias

290 4367 441 4433 minores.
477 4365 660 4432 Duodecim
676 4362 823 4430 conuersi
838 4361 914 4446 siut,
937 4384 1074 4448 qaorum
1097 4365 1256 4450 quattuor
1273 4358 1472 4428 candelabra

291 4470 458 4556 deserant,
490 4482 521 4539 et
552 4472 618 4537 ‹luc›
648 4469 691 4536 ad
722 4467 866 4535 turibula
896 4490 931 4535 se
962 4472 1179 4554 praeparent,
1214 4465 1349 4555 cnudo)
1381 4468 1473 4536 timia

290 4579 447 4646 nuateuae
470 4579 640 4665 deportet,
671 4582 827 4665 quattuor
856 4574 913 4641 alii
942 4575 1106 4660 accipiant
1130 4593 1245 4641 eruces
1267 4579 1368 4659 atque
1390 4594 1474 4643 unus

289 4705 409 4772 aquarn
432 4685 650 4756 benedictam.
683 4682 844 4750 Cantores
868 4690 977 4749 autem
1000 4682 1162 4769 inponant
1177 4680 1417 4766 responsorium
1432 4702 1473 4748 er
