3792 5375
891 568 1132 631 -160-

432 760 631 846 temporibus
647 761 716 846 ipsc
732 761 864 825 misceat
887 780 1003 844 aquam
1028 757 1069 825 ad
1085 779 1202 825 nonam
1228 779 1301 824 cum
1317 757 1598 846 septirnanarii(s)‚

311 908 313 910 -
431 869 547 952 quiex
573 866 637 932 alia
660 864 842 932 ebdomada
865 864 1004 933 suerunt.
1050 863 1220 931 Justitiam
1251 863 1361 931 domni
1391 862 1522 929 abbatis
1545 884 1598 930 co·

430 974 507 1039 tidie
531 973 654 1053 abluat,
679 981 710 1039 et
735 980 904 1059 postquam
928 971 1100 1037 cimbalum
1124 970 1286 1053 sonuerit,
1310 969 1360 1038 rel
1384 970 1453 1056 ipse
1477 968 1600 1037 sederit

430 1102 548 1162 mense,
584 1082 689 1145 tinum
726 1080 884 1165 deportet.
933 1078 1102 1161 Fratrum,
1138 1077 1194 1164 qui
1227 1099 1267 1145 ex
1299 1078 1415 1149 itinere
1449 1076 1598 1157 redeunt,

429 1187 526 1255 debet
541 1187 650 1253 lavare
666 1188 735 1272 ipse
752 1187 923 1269 justitiam3
946 1185 1061 1251 zallam
1078 1193 1176 1271 atque
1191 1183 1314 1250 baciles
1329 1183 1440 1251 domui
1455 1182 1598 1264 abbatis,

427 1294 490 1360 rell
514 1295 611 1375 illam,
635 1315 719 1378 quae
743 1293 899 1379 deputata
923 1299 973 1359 est
995 1298 1128 1378 propter
1150 1312 1311 1378 pauperes
1335 1289 1386 1356 rel
1410 1291 1600 1377 peregrinos

429 1401 557 1483 iratres,
582 1403 650 1487 ipse
673 1399 793 1466 habeat
816 1399 876 1465 sub
899 1421 959 1465 sua
975 1399 1132 1466 custodia.
1163 1397 1293 1465 Panum
1316 1396 1472 1464 librarum
1488 1394 1599 1487 ipsefl

428 1516 542 1593 purget
572 1508 614 1574 ab
647 1509 732 1573 omni
768 1505 940 1572 fuscedine.
986 1504 1136 1571 Linteum
1171 1512 1281 1571 tameu
1315 1502 1357 1569 sd
1387 1505 1492 1589 ipsum
1515 1522 1599 1590 opus

428 1614 617 1700 deputatum
650 1613 693 1680 ad
724 1612 841 1680 collum
872 1634 998 1697 semper
1026 1611 1164 1687 habeat,
1193 1630 1296 1698 usque
1324 1609 1401 1677 dum
1431 1610 1599 1696 inspicen‘t

427 1729 571 1790 cunctos.

427 1957 588 2047 Qualiter
608 1958 716 2032 debet
735 1956 810 2031 lieri
829 1955 974 2054 quanm
992 1953 1201 2030 conventuri
1219 1965 1302 2029 saint
1322 1954 1368 2029 ad
1385 1953 1598 2032 radendum.

516 2149 608 2219 XX..
636 2149 744 2216 Debet
760 2171 842 2215 unus
858 2150 959 2214 trater
972 2147 1022 2214 rel
1041 2149 1104 2214 duo
1120 2146 1241 2214 babere
1257 2147 1438 2233 injunctum
1455 2146 1598 2215 officium

428 2258 624 2323 rasoriorum
654 2256 871 2324 acuendorum
901 2263 999 2342 atque
1023 2255 1275 2340 colligendorum
1299 2253 1343 2321 ad
1366 2255 1517 2322 scrinium
1542 2252 1598 2322 ubi

428 2370 646 2449 reponuntn1·;
676 2371 708 2430 et
739 2365 808 2448 ipse
837 2362 934 2429 debet
964 2383 1137 2448 procurare
1160 2362 1307 2429 tonsoria
1337 2360 1381 2428 ad
1411 2361 1491 2428 illud
1514 2383 1599 2447 opus

428 2469 601 2555 deputata,
632 2478 665 2537 et
695 2471 780 2536 intra
810 2469 1032 2536 domnitorium
1060 2467 1257 2555 reponenda,
1288 2468 1435 2535 similiter
1455 2490 1598 2536 uoracu·

426 2575 541 2643 lorum.
587 2578 639 2643 Ea
663 2577 715 2644 die
738 2600 801 2664 qna
825 2576 962 2644 radendi
985 2583 1077 2659 sunt,
1106 2598 1181 2643 mox
1204 2576 1296 2642 utin
1320 2575 1498 2661 capitulam
1521 2596 1598 2643 oou·

427 2685 571 2765 veniunt,
594 2694 627 2753 et
650 2685 691 2753 dc
715 2685 819 2752 salute
849 2684 1027 2751 animamm
1057 2684 1307 2751 sermocinatum
1328 2682 1517 2767 habuerint,
1544 2682 1598 2771 ju·
1697 2689 1699 2692 ’

427 2792 523 2859 bente
556 2790 690 2873 abbate,
722 2793 771 2859 rel
800 2792 864 2875 ille,
892 2793 946 2877 qui
975 2791 1120 2860 ordinem
1148 2792 1307 2872 tenuerit,
1343 2791 1371 2857 si
1405 2789 1508 2858 abbas
1531 2777 1598 2858 non

427 2898 538 2983 adest,
571 2908 707 2986 surgant
735 2899 780 2966 illi
812 2900 945 2978 iratres,
976 2900 1030 2986 qni
1060 2920 1100 2964 ex
1130 2897 1196 2964 olis
1218 2899 1401 2985 septimana
1424 2899 1596 2984 coquinam

427 3005 572 3073 iecerunt
602 3014 633 3074 et
663 3015 740 3074 eant
770 3028 966 3092 praeparare
1000 3026 1116 3092 aquam
1152 3004 1194 3072 ad
1229 3004 1337 3072 locum
1371 3005 1596 3073 constitutum.

427 3111 641 3199 Surgentibus
676 3136 694 3182 e
727 3114 868 3200 capitulo
909 3118 1002 3180 sonet
1034 3111 1180 3178 tabulam
1215 3118 1249 3179 et
1282 3113 1414 3177 veniant
1448 3112 1597 3198 accipere

427 3223 646 3308 unusquisque
661 3223 785 3289 rasoria
802 3220 842 3287 de
857 3242 955 3287 irranu
969 3219 1200 3307 procuratoris.
1238 3216 1332 3285 Tunc
1351 3217 1597 3286 elemosinarius

426 3326 544 3395 habeat
557 3328 787 3414 praeordinata
803 3326 932 3394 vascula
947 3328 980 3393 in
992 3327 1063 3394 loco
1079 3326 1134 3393 ubi
1144 3325 1333 3393 conventuri
1349 3331 1423 3392 suut
1435 3326 1595 3393 seniores:

426 3456 498 3501 curn
529 3438 727 3521 acceperint,
758 3435 976 3522 unnsquisque
1006 3432 1133 3501 delerat
1154 3432 1216 3500 sibi
1239 3453 1369 3519 aquam.
1415 3432 1516 3500 Pueri
1539 3432 1595 3501 de·

425 3551 556 3626 portent
572 3565 704 3611 scamna
720 3564 789 3609 sua
823 3541 938 3609 Abbas
953 3540 1004 3608 rel
1020 3542 1109 3627 prior
1123 3541 1257 3625 incipiat
1272 3539 1419 3626 psalmos
1433 3539 1595 3626 quicqum

426 3651 458 3714 in
488 3650 599 3734 primis
629 3671 689 3736 pro
718 3649 892 3731 defunctis,
920 3649 975 3734 qui
996 3648 1215 3734 praenuntiati
1238 3645 1370 3714 luerunt
1391 3645 1426 3714 iu
1448 3646 1595 3733 capitulo

426 3765 457 3821 et
482 3778 609 3823 cursum
633 3758 823 3823 canonicum
852 3755 1024 3837 horarum,
1047 3756 1130 3822 sicut
1152 3776 1223 3822 mos
1246 3760 1297 3821 est
1319 3753 1352 3820 iu
1375 3754 1516 3847 coquina
1539 3753 1595 3823 (le-

426 3872 569 3943 mmate,
594 3871 626 3930 et
648 3862 851 3949 postmodum
876 3861 1050 3929 launliares
1072 3861 1217 3947 psalmos
1246 3881 1344 3946 super
1372 3858 1472 3929 boras
1501 3882 1595 3947 regu·

310 3976 315 3986 ’
425 3968 521 4037 lares.
567 3970 703 4037 interim
734 3969 809 4037 dnm
838 3967 1020 4056 psalmodia
1046 3968 1228 4051 duraverit,
1258 3967 1339 4035 nihil
1363 3966 1453 4034 aliud
1476 3966 1596 4053 aliquis

426 4074 523 4144 debet
552 4099 648 4164 agere
674 4078 737 4144 uisi
766 4076 895 4157 radere,
925 4097 985 4145 nec
1013 4074 1120 4162 capud
1149 4075 1261 4144 lavare
1284 4074 1334 4141 rel
1356 4073 1509 4155 tondere,
1532 4075 1596 4143 nisi

425 4182 567 4268 psalmos
590 4184 713 4268 dicere,
743 4205 803 4251 uec
825 4183 962 4269 ungulas
984 4203 1111 4267 secare,
1133 4203 1193 4250 uec
1216 4180 1421 4249 refectorarii
1443 4178 1540 4248 ibunt
1561 4182 1596 4248 in
1714 4244 1722 4269 ,

425 4293 629 4360 refectorium
653 4291 851 4378 usquedum
877 4291 1030 4358 finiantur
1051 4290 1178 4377 psalmi.
1224 4287 1331 4376 Loqui
1353 4287 1462 4355 nullus
1486 4286 1595 4370 debet,

426 4398 483 4466 sed
507 4423 567 4467 nec
590 4399 675 4467 ullus
697 4399 799 4467 trater
820 4397 918 4465 radat
939 4397 1037 4465 alium
1059 4398 1093 4465 in
1115 4395 1244 4484 pellicia
1266 4417 1338 4463 eum
1358 4394 1435 4463 latis
1448 4393 1596 4479 manicis,

427 4508 488 4573 nisi
510 4529 593 4589 eam,
616 4529 700 4595 quae
724 4528 795 4574 cum
818 4506 939 4573 strictis
962 4505 1095 4572 uranieis
1117 4511 1181 4586 est,
1213 4501 1336 4571 babeat
1358 4502 1521 4600 vatium,
1543 4501 1596 4569 rel

426 4615 580 4683 tunicam.
626 4612 706 4682 Cum
737 4611 917 4700 psalmodia
947 4611 1077 4699 expleta
1105 4610 1218 4692 luerit,
1250 4607 1354 4677 abbas
1382 4607 1473 4676 dicat
1495 4611 1597 4678 Bene·

425 4725 533 4803 dicite,
558 4727 591 4788 et
612 4720 831 4805 unnsquisque
854 4717 969 4785 redeat
991 4717 1033 4785 ad
1056 4716 1165 4785 officia
1180 4715 1347 4803 deputata
1378 4713 1420 4782 In
1435 4712 1499 4783 hac
1512 4712 1598 4783 bora
