3792 5375
836 546 1081 609 -139-

364 737 450 802 atina
475 740 515 804 sit
539 760 612 805 cum
637 759 688 821 ca,
713 760 850 825 quarum
871 738 1014 806 latitudo
1036 739 1209 807 ambarum
1225 738 1414 807 tabularum
1432 737 1550 806 habeat

368 843 461 910 t'112·
506 845 617 931 pedes.
687 844 773 911 Nam
808 848 895 913 inter
928 847 1027 913 istam
1063 848 1267 914 mansionem
1301 853 1335 914 et
1368 845 1550 913 ncristiam

365 960 465 1038 atque
489 952 694 1029 accclcsiaur,
718 974 778 1019 nce
802 976 867 1020 non
880 961 913 1020 et
925 953 1101 1038 galilaeam
1118 955 1161 1020 ait
1177 954 1384 1035 cimiterium,
1408 951 1464 1020 ubi
1478 950 1552 1018 laici

366 1061 575 1143 audiantur.
623 1056 678 1124 Ad
712 1068 810 1145 porta
840 1061 1024 1127 meridiana
1059 1083 1163 1147 usqua
1196 1060 1241 1128 ad
1274 1068 1407 1147 portam
1437 1058 1551 1126 tna·

365 1166 536 1232 uinualcm
561 1177 675 1233 eontra
700 1166 902 1233 occidentem
927 1168 971 1233 sit
993 1174 1184 1235 conatmcla
1207 1167 1323 1234 domas
1341 1164 1552 1253 longitudinis

365 1272 449 1339 CC¹⁰
474 1272 645 1339 Lxxxu
670 1273 789 1359 pudes,
822 1273 1007 1340 latitudiuis
1031 1273 1128 1341 XX¹¹
1152 1282 1187 1341 et
1209 1273 1252 1358 V,
1287 1282 1320 1341 et
1353 1272 1400 1341 dn
1434 1271 1551 1340 conati·

365 1389 500 1445 tuantur
515 1379 646 1447 stabulo
670 1402 827 1467 oqiiorum
853 1403 911 1466 per
927 1380 1173 1449 mansiunculas
1187 1381 1341 1468 partitas,
1363 1386 1399 1448 et
1414 1379 1553 1466 desuper

311 1550 315 1559 ‚
365 1488 405 1552 sit
433 1487 601 1567 solarium,
626 1487 681 1554 uui
713 1487 826 1554 intituli
850 1487 974 1554 aedunt
1002 1497 1102 1575 atque
1135 1487 1321 1569 dormiant,
1355 1493 1390 1554 el
1424 1506 1552 1555 meam

366 1593 510 1660 imbuunt
533 1594 579 1659 ini
602 1594 772 1660 ordinatas
796 1594 1010 1679 longitudinis
1031 1592 1206 1660 LXXX1·
1228 1593 1348 1681 pedus,
1371 1592 1553 1661 latitudini·

367 1722 442 1766 uero
477 1700 590 1770 llllvr.
649 1701 695 1768 Et
729 1710 891 1787 quotquot
924 1723 966 1769 ex
999 1700 1282 1790 adrentau][tibua
1315 1721 1382 1769 non
1416 1706 1552 1788 possum

366 1807 498 1875 reticere
523 1807 565 1874 ad
590 1807 680 1874 illam
705 1809 917 1890 mansionem,
941 1830 1040 1895 «laam
1064 1806 1214 1895 superius
1230 1808 1382 1893 diximus,
1404 1807 1553 1876 reficiant

367 1915 409 1981 ad
434 1916 541 1982 istam.
589 1915 635 1982 Et
665 1916 699 1981 in
731 1916 840 2001 capite
871 1915 974 2002 ipsius
997 1916 1179 1983 mansionis
1201 1916 1246 1983 ait
1266 1914 1361 1984 locus
1383 1915 1551 2002 aptitatus,

368 2022 421 2088 ubi
453 2023 649 2089 conveniant
680 2044 794 2089 omnes
824 2022 870 2089 illi
893 2022 1051 2103 hormnes,
1083 2023 1140 2109 qui
1164 2022 1289 2111 absque
1311 2021 1477 2109 equitibus
1499 2020 1553 2088 do·

367 2131 517 2212 ueniunt,
547 2139 578 2195 et
604 2130 777 2196 caritatem
800 2151 840 2195 ex
864 2129 938 2196 cibo
961 2139 1062 2216 atqua
1085 2138 1200 2217 potum
1225 2130 1262 2197 in
1291 2137 1451 2217 «guantum
1480 2149 1553 2197 aon·

367 2238 531 2304 venientia
560 2236 658 2303 luerit
681 2236 726 2303 ibi
757 2237 918 2323 recipiant
952 2236 995 2303 ab
1022 2236 1261 2325 elemosynario
1289 2235 1403 2305 frutra
1449 2236 1555 2304 Extra

368 2344 572 2411 refectorium
603 2365 746 2429 namque
776 2342 916 2411 fratrum
952 2342 1046 2410 th·
1077 2343 1198 2430 pedum
1226 2344 1262 2411 iu
1295 2344 1405 2430 capita
1438 2341 1554 2410 latrina

368 2455 433 2518 sint
458 2459 591 2538 cryptae
616 2451 731 2534 XII⁶³,
761 2458 796 2518 et
818 2451 963 2519 todidem
988 2451 1066 2518 dolii
1088 2450 1292 2538 praeparati,
1322 2451 1380 2520 ubi
1402 2447 1555 2537 tempati-

367 2560 428 2626 bus
456 2560 643 2626 constitutis
674 2558 794 2625 balnea
821 2558 980 2627 fratribus
1010 2568 1268 2647 praeparentur,
1297 2563 1332 2627 et
1359 2566 1439 2646 pact
1456 2559 1556 2626 iatam

367 2668 562 2754 positionem
593 2676 806 2735 construatur
835 2667 920 2736 cella
950 2668 1164 2756 novitiorum,
1195 2675 1230 2736 et
1263 2668 1308 2737 ait
1336 2666 1495 2756 angulata
1521 2665 1556 2733 in

367 2775 602 2861 quadrimodis,
626 2775 778 2842 videlicet
793 2776 900 2861 prima
915 2784 953 2843 ut
967 2775 1137 2860 meditent,
1163 2777 1198 2844 in
1225 2775 1372 2845 tamuda
1396 2773 1555 2853 ratidant,

367 2885 401 2950 in
425 2885 525 2950 tertia
547 2883 729 2964 dormiant,
759 2883 792 2948 in
821 2890 940 2970 quarta
963 2881 1087 2949 latrina
1109 2905 1150 2950 ex
1172 2883 1289 2953 lutere.
1333 2881 1439 2950 Juata
1460 2883 1555 2949 iatam

368 2993 411 3057 sit
435 2990 617 3076 depositam
642 2990 708 3057 alia
731 2989 824 3064 cella.
847 2989 904 3056 ubi
927 2989 1080 3057 aurifices
1103 2989 1153 3058 vel
1176 2990 1359 3058 inducorea
1380 3011 1440 3058 acu
1462 2987 1557 3056 vitrei

370 3098 516 3181 magistri
541 3099 739 3164 conveniant
761 3096 804 3163 ad
828 3096 1015 3164 laciendum
1038 3099 1146 3185 ipsam
1168 3105 1286 3166 artem
1315 3098 1411 3166 Inter
1425 3105 1557 3185 cryptas

369 3215 401 3273 et
426 3204 525 3271 cellas
548 3206 745 3273 novitiorum
776 3215 875 3290 atque
898 3203 1070 3272 aurificum
1093 3205 1240 3274 habeant
1263 3204 1396 3272 domum
1417 3203 1557 3292 lanmai—

369 3312 455 3378 dinis
477 3311 565 3394 Com,
591 3310 685 3378 XX¹¹
710 3320 744 3379 et
766 3312 911 3399 quinqua
940 3312 1062 3399 pedae,
1095 3312 1282 3380 latitudinis
1304 3333 1383 3381 aero
1404 3310 1501 3381 ΚΒ
1522 3317 1559 3377 ct

369 3420 512 3504 quinque
547 3428 581 3486 et
615 3420 685 3506 ejus
720 3418 891 3503 longitudo
925 3419 1097 3505 perveniat
1130 3440 1235 3507 unqua
1263 3419 1309 3488 ad
1336 3419 1521 3508 pistrinum.
1531 3417 1557 3503 ¹)

369 3526 481 3611 ipsum
505 3547 648 3611 namque
670 3527 704 3592 in
727 3526 963 3611 longitudinem
993 3548 1067 3594 cum
1097 3533 1240 3608 turrem,
1274 3548 1360 3614 quaa
1389 3526 1426 3593 in
1448 3525 1558 3612 capita

369 3635 438 3719 ejus
462 3640 651 3699 constructa
675 3640 737 3714 est,
761 3631 897 3699 LXX¹·
921 3631 1034 3718 pedes,
1057 3632 1242 3701 latitudinis
1264 3632 1377 3700 XXfl.

599 3832 789 3925 Quomodo
813 3833 998 3932 agendum
1021 3833 1069 3907 ait
1092 3832 1138 3908 da
1161 3831 1329 3914 Noritiia.

458 4010 508 4080 ΙΙ.
541 4009 622 4077 Mox
640 4018 677 4077 ut
694 4009 757 4094 ipsi
774 4009 914 4076 exierint
930 4008 973 4075 de
996 4008 1080 4075 cella
1103 4007 1311 4090 novitiorum,
1334 4006 1386 4075 vel
1409 4014 1510 4075 antea
1523 4007 1559 4073 in

369 4120 513 4188 claustro
551 4116 689 4197 luerint,
719 4115 763 4182 ad
794 4115 973 4202 capitulum
1005 4136 1071 4183 non
1107 4123 1183 4182 sunt
1217 4114 1463 4197 introducendi,
1495 4112 1559 4181 nisi

369 4223 502 4313 quando
539 4222 644 4290 abbas
679 4223 828 4308 jusserit.
886 4222 968 4290 Mox
1006 4229 1044 4290 ut
1073 4222 1144 4309 ipso
1181 4223 1216 4290 in
1255 4222 1400 4311 capitulo
1437 4220 1560 4288 finierit

369 4350 570 4411 sermonem,
601 4328 752 4413 veniant,
790 4337 824 4396 et
853 4328 1021 4416 inquirant
1057 4329 1314 4416 uniuscujusque
1343 4329 1557 4397 voluntatem

370 4435 436 4505 Sed
467 4444 578 4502 tamea
608 4443 686 4502 ante
715 4435 863 4503 habeant
891 4435 955 4521 ipsi
984 4436 1093 4502 onmia
1123 4456 1184 4502 sua
1205 4429 1356 4504 facinora
1377 4432 1558 4524 pantanu.

369 4542 465 4610 'l'uno
494 4542 631 4628 capellis
658 4542 699 4611 de
730 4543 848 4611 tunicis
876 4542 997 4610 ablatis
1025 4544 1060 4611 in
1090 4541 1231 4612 ecclesia
1266 4542 1392 4612 tamdiu
1421 4540 1560 4609 audant

462 4721 483 4788 Ι)
502 4723 533 4779 In
553 4728 631 4778 texta
652 4721 843 4793 ,pristinam“,
860 4721 889 4778 in
908 4721 1032 4793 anargina
1049 4728 1218 4780 correctum:
1235 4719 1390 4794 alatrinum.
