3792 5375
869 501 1116 564 -162-

391 694 424 759 iu
453 692 666 775 aecclesiam,
700 691 826 759 iaciant
858 702 971 758 ternas
1001 693 1183 774 orationes,
1220 692 1247 759 si
1283 692 1349 759 illis
1381 693 1587 780 temporibus

390 800 552 880 convenit,
576 799 626 865 rel
652 800 679 865 si
703 798 808 865 xlta
830 800 988 865 lectiones
1012 798 1120 866 iactae
1144 799 1281 881 iueriut3
1305 820 1345 866 ex
1370 808 1448 865 tunc
1470 806 1526 866 eat
1552 808 1588 867 et

389 907 532 991 accipiat
555 905 676 972 lihnun
701 913 734 972 et
757 905 878 984 albam,
903 914 934 971 et
953 914 1056 990 ponat
1073 907 1115 973 ad
1132 928 1231 972 unum
1248 927 1288 972 es
1305 904 1483 973 altaribus:
1508 927 1586 972 nam

389 1014 468 1079 nulli
493 1022 543 1078 est
566 1013 699 1079 licentia
724 1013 789 1079 adio
814 1012 890 1077 inde
915 1011 1056 1095 auterre,
1081 1021 1256 1099 postquam
1281 1019 1456 1098 acceptum
1472 1012 1585 1080 hahet.

389 1119 505 1186 Denuo
528 1127 714 1186 revertatur
738 1120 770 1185 in
794 1120 976 1185 sacrarium
1001 1130 1034 1184 et
1059 1120 1200 1205 accipiat
1223 1117 1366 1186 hostiam
1383 1128 1416 1186 et
1432 1118 1585 1186 calicem:

389 1235 465 1292 tunc
501 1225 679 1312 perfundat
711 1249 784 1293 euin
820 1247 893 1292 cunr
931 1248 1019 1311 :iqua
1054 1227 1087 1291 in
1122 1224 1300 1306 infusorio,
1336 1234 1438 1311 atque
1473 1234 1583 1310 tergat
1646 1278 1649 1283 .

388 1332 521 1399 lintoolo
551 1333 741 1419 priusquam
772 1331 925 1398 hahuerit
956 1333 1089 1398 missum
1117 1332 1228 1398 viuum
1260 1339 1294 1398 et
1317 1353 1449 1416 acpuanr.
1496 1331 1583 1400 Con·

387 1463 516 1520 sersus,
551 1440 606 1526 qni
642 1439 817 1523 adjuturus
851 1446 901 1504 est
938 1460 1012 1504 curn
1048 1439 1188 1523 accipiat
1218 1436 1244 1528 ll
1275 1436 1448 1506 candelam
1482 1452 1584 1524 atque

386 1547 563 1630 accendat,
592 1556 625 1612 et
649 1554 764 1631 pergat
788 1544 831 1611 nd
855 1545 974 1625 locum,
1006 1544 1061 1611 ubi
1085 1566 1180 1611 sacra
1204 1565 1302 1630 agere
1326 1543 1438 1615 dehet.
1487 1544 1584 1613 Tunc

386 1652 541 1721 sacerdos
577 1662 677 1720 exuat
708 1672 744 1719 se
774 1653 921 1718 tunicam
952 1660 983 1718 et
1021 1650 1131 1718 flectat
1162 1674 1289 1738 genua,
1324 1659 1358 1719 et
1392 1652 1512 1719 induat
1546 1673 1583 1719 se
1673 1729 1684 1741 x

386 1759 508 1828 cuitmn
533 1759 785 1829 sacerdotalem.
824 1758 915 1859 Duru
940 1758 1057 1825 stolam
1081 1759 1233 1826 hahuerit
1257 1760 1455 1845 impositam,
1478 1759 1583 1827 iaciat

385 1868 622 1935 contessionem
646 1891 718 1932 curn
744 1865 857 1949 tratre,
881 1878 913 1933 et
940 1874 1019 1933 tuuc
1043 1875 1121 1952 agat
1145 1868 1329 1933 orationem
1352 1867 1395 1934 ad
1420 1890 1523 1947 arnan,
1547 1876 1581 1933 et

385 1975 512 2060 mgnum
540 1985 676 2042 sanctae
700 1974 807 2040 erucis
831 1975 992 2059 exprimat
1017 1972 1182 2041 intrante
1206 1997 1278 2054 sna,
1302 1980 1337 2041 et
1359 1972 1422 2042 deo
1444 1976 1581 2062 incipiat

384 2082 563 2149 immolare.
603 2080 691 2147 Natu
714 2102 891 2146 conversus
915 2079 959 2145 ad
983 2081 1120 2165 primam
1145 2080 1302 2147 collectas
1325 2088 1359 2147 et
1383 2088 1513 2148 secreta
1536 2083 1581 2149 sit

384 2189 540 2277 adclinis,
571 2186 615 2254 ad
646 2209 805 2253 canonem
835 2208 975 2272 genuani
1006 2185 1131 2270 flectat,
1163 2187 1214 2254 rel
1244 2195 1337 2254 stans
1369 2196 1451 2257 oret.
1499 2188 1579 2274 Ipse

384 2295 548 2378 sacerdos,
572 2295 599 2360 si
624 2293 667 2360 ad
692 2294 792 2360 lioras
816 2295 994 2374 sonaverit,
1018 2302 1050 2360 et
1074 2293 1190 2360 stolarn
1215 2315 1281 2360 nou
1305 2293 1459 2362 habuerit
1474 2296 1578 2383 impo-

384 2403 498 2483 sitam,
529 2411 562 2469 et
586 2401 685 2467 etiam
709 2400 821 2466 albam
844 2401 994 2467 indutam
1016 2401 1085 2488 jam
1108 2400 1248 2482 haheat,
1280 2401 1327 2467 sic
1350 2422 1386 2468 se
1409 2409 1521 2487 exuat,
1544 2410 1579 2471 et

383 2509 426 2576 ad
455 2509 571 2575 homin
602 2515 729 2593 pergat.
776 2506 919 2593 Quando
949 2529 1028 2574 sero
1052 2515 1190 2575 sonatur
1212 2508 1308 2576 scilla
1331 2516 1410 2576 aute
1433 2511 1577 2590 tertiam,

383 2616 586 2684 sihahuerit
610 2622 740 2682 tanturn
763 2613 902 2681 calicem
924 2625 1089 2702 paratum,
1118 2616 1165 2682 sic
1188 2622 1298 2704 potest
1322 2636 1420 2702 agere
1444 2618 1578 2685 missam

382 2725 452 2792 siue
475 2722 740 2810 reprehensione.
777 2721 865 2788 Nam
890 2724 918 2788 si
943 2722 987 2789 ad
1011 2723 1124 2796 horum
1147 2723 1343 2791 intrauerint
1367 2723 1498 2810 iratres,
1520 2726 1578 2793 ille

381 2838 456 2917 post
485 2832 618 2897 missam
643 2852 735 2896 snam
759 2828 873 2896 flectat
897 2851 1005 2914 genua
1029 2829 1106 2897 dum
1130 2837 1249 2898 exutus
1272 2829 1389 2916 tuerit,
1420 2839 1454 2900 et
1477 2832 1578 2901 horas

380 2937 518 3022 reddat,
541 2958 646 3021 nsque
670 2935 748 3001 dum
771 2936 917 3002 seniores
941 2936 1093 3002 steterint
1116 2936 1159 3003 ud
1183 2937 1294 3022 horas,
1318 2938 1374 3005 ille
1397 2960 1464 3005 non
1479 2961 1576 3026 prae·

381 3054 489 3112 surrrat
505 3045 628 3110 intrare
645 3042 688 3109 ad
705 3041 960 3128 reportandum
985 3051 1094 3109 tamen
1111 3044 1242 3130 expleta
1257 3043 1351 3125 horu,
1370 3044 1414 3112 ad
1429 3045 1576 3132 psalmos

380 3152 558 3219 iurniliares
582 3156 694 3236 potest
716 3150 869 3215 transire.
906 3148 1093 3217 Conversus
1115 3149 1244 3232 deierat
1269 3149 1380 3218 albam
1395 3158 1429 3217 et
1445 3151 1576 3234 librum,

379 3258 535 3326 sacerdos
557 3255 693 3324 calicem
718 3262 752 3322 et
775 3256 955 3341 ampullam
979 3255 1022 3323 ad
1045 3255 1150 3324 locuni
1174 3259 1399 3326 constitutum.

379 3430 440 3505 Ad
456 3430 605 3505 missam
624 3427 836 3527 generalem
856 3428 1016 3528 qualiter
1035 3437 1151 3528 agant
1168 3429 1343 3505 sacerdos
1359 3442 1394 3506 et
1409 3432 1574 3514 ministri.

467 3577 615 3646 XXIII.
631 3576 774 3644 Dicente
786 3576 970 3660 sacerdote,
984 3578 1088 3650 Orate
1099 3580 1249 3661 Fratres,
1262 3577 1420 3647 inclinent
1433 3602 1469 3648 se
1480 3584 1574 3667 pueri

377 3687 486 3773 spatio
510 3685 670 3752 orationis
695 3684 889 3767 dominicae,
913 3692 947 3751 et
970 3683 1046 3752 ilico
1070 3707 1105 3753 se
1129 3685 1258 3773 erigant
1281 3693 1449 3755 uertentes
1465 3690 1575 3757 vultus

328 3861 335 3872 ,
377 3814 453 3859 suos
474 3791 517 3858 ad
540 3799 654 3878 partes
677 3792 830 3858 orientis:
855 3792 999 3876 majores
1015 3799 1125 3859 autem
1141 3793 1205 3860 sirit
1222 3793 1360 3861 acclinis
1376 3816 1479 3883 usque
1496 3796 1573 3865 dum

377 3898 467 3965 dicat
496 3897 670 3981 sacerdos,
707 3900 778 3966 Per
808 3903 919 3966 onmia
949 3903 1083 3967 sarcula
1113 3904 1340 3969 sacculorum:
1378 3909 1413 3968 et
1442 3901 1487 3969 ud
1517 3925 1571 3972 ex·

377 4013 515 4072 tremum
540 4027 613 4071 cunr
631 4004 763 4089 dixerit,
788 4008 858 4072 Par
872 4010 985 4073 onmia
1000 4008 1145 4089 sarcula,
1174 4007 1335 4075 Ora-mus:
1358 4012 1572 4097 Praeceptis:

376 4115 484 4180 Pater
512 4126 640 4178 unsar:
671 4112 738 4177 sint
768 4132 882 4178 ornnes
913 4112 1061 4179 inclinati
1084 4121 1153 4179 tarn
1177 4114 1271 4198 pueri
1296 4135 1394 4200 qnam
1419 4117 1572 4202 rnajores,

376 4217 524 4285 dicentes
549 4221 621 4285 Sat
641 4221 748 4286 libera
773 4242 831 4286 rios
852 4244 874 4286 a
900 4224 1000 4296 analo,
1025 4219 1175 4286 Infantes
1198 4241 1233 4287 se
1259 4221 1400 4308 erigant
1433 4222 1572 4295 Fratres

376 4325 441 4390 siut
472 4324 620 4391 inclinati
651 4345 755 4411 nsque
785 4324 863 4391 duni
895 4324 1004 4393 denno
1027 4325 1163 4411 dixerit,
1195 4330 1267 4395 I’rr
1296 4329 1407 4397 arnulli
1435 4340 1571 4404 sarcula

375 4434 595 4501 sacculorum.
649 4431 690 4497 ln
726 4430 898 4498 duodecim
939 4431 1134 4501 lectionibus
1174 4433 1330 4501 sacerdos
1365 4435 1397 4503 in
1434 4438 1571 4516 introitu

375 4538 495 4604 missae
517 4538 551 4604 in
576 4454 723 4604 sicrario
743 4547 846 4625 posunt
869 4540 1038 4606 incensum
1061 4541 1094 4606 iu
1117 4539 1273 4609 turibulo.
1324 4545 1443 4612 Gloria
1460 4555 1569 4633 patri,

376 4644 549 4712 inchoante
581 4643 656 4727 illo,
688 4647 743 4730 qni
774 4643 918 4712 osticium
948 4654 1121 4733 liencourt,
1155 4647 1339 4734 procedam
1363 4657 1441 4719 aute
1464 4653 1571 4725 altare
