3792 5375
879 553 1123 615 -174-

415 743 562 811 decretas
590 743 774 812 habuerint.
820 742 1000 827 Surgentes
1030 751 1162 811 cautent
1190 743 1407 828 offerendam,
1439 750 1473 811 et
1496 742 1593 830 perfi-

414 851 503 917 ciant
524 850 667 917 missam.

503 957 590 1023 Aliis
619 956 734 1024 dicbus
763 957 935 1024 cotidianis
966 967 1062 1043 agant
1092 958 1155 1024 ita:
1185 957 1266 1024 Mox
1289 968 1326 1025 ut
1349 957 1552 1026 surrexerint
1575 979 1593 1025 e

415 1064 569 1149 capitulo,
593 1065 723 1130 reuiaut
747 1072 779 1130 et
803 1065 914 1131 dicant
938 1065 971 1130 iu
995 1065 1106 1149 primis
1129 1063 1272 1150 quinque
1296 1063 1431 1149 psalmis
1453 1086 1514 1150 pro
1539 1064 1594 1132 da·

415 1170 543 1251 functis,
574 1178 607 1237 et
631 1180 707 1237 tunc
732 1180 887 1237 sonentur
910 1172 1012 1257 signa,
1044 1180 1077 1237 et
1099 1171 1297 1258 hejiciarrt(!)
1322 1193 1357 1237 se
1380 1171 1414 1238 in
1436 1171 1536 1240 huruo
1560 1179 1592 1239 et

415 1277 527 1344 dicant
549 1277 631 1343 sicut
656 1299 765 1362 supra
1255 1298 1260 1309 '
1448 1270 1451 1275 ¹

414 1548 577 1639 Qualiter
613 1559 723 1645 rugant
758 1548 787 1622 si
815 1548 1021 1647 processuri
1049 1564 1132 1624 suut
1161 1549 1208 1623 ad
1236 1560 1401 1625 sanctam
1429 1547 1594 1623 mariam.

499 1760 683 1827 XXXIX.
722 1759 863 1847 Quando
886 1758 1009 1826 radunt
1040 1760 1083 1826 ad
1106 1758 1274 1827 basilicam
1299 1767 1434 1827 sarrctae
1458 1760 1592 1841 mariae,

267 1883 323 1923 ,ar
414 1867 523 1935 statim
553 1876 591 1934 ut
622 1868 822 1934 surrexerint
849 1867 873 1953 ][
897 1867 1055 1952 incipiant
1084 1867 1227 1952 psalmos
1256 1889 1316 1954 pro
1346 1865 1528 1952 defunctis,
1560 1875 1593 1934 et

414 1974 618 2058 postmodum
649 1977 804 2060 prostrati
833 1995 894 2060 pro
928 1973 1160 2041 tribulantibus
1194 1974 1317 2062 absque
1353 1974 1461 2041 sonitu
1493 1974 1592 2041 tinni-

414 2089 530 2166 turum,
554 2089 587 2148 et
610 2081 728 2167 psalmi
751 2081 903 2147 dicantur
925 2081 1009 2146 sicut
1025 2080 1254 2165 praediximus.
1292 2080 1340 2149 Et
1363 2080 1541 2167 aliquando
1564 2081 1593 2148 si

415 2188 513 2256 uelint
535 2188 714 2273 adjungere
737 2187 914 2273 psalmum,
939 2191 1067 2255 lreclimr
1091 2191 1240 2270 Daritim,
1265 2188 1323 2255 Ad
1346 2191 1440 2255 Deus
1462 2202 1594 2256 cresim

413 2306 447 2362 et
476 2298 684 2363 Beuedc'aisti
712 2300 855 2377 cloarcius,
891 2294 973 2361 baec
1003 2295 1145 2380 capitula
1176 2294 1305 2363 dicant:
1345 2299 1431 2363 Post
1452 2309 1593 2383 partum

413 2405 522 2490 virge.
560 2402 709 2471 Ostende.
751 2405 831 2469 Esto
854 2403 955 2469 rrobr's.
994 2400 1169 2486 collectas,
1193 2403 1348 2470 Concede.
1387 2405 1593 2491 Ineffabt'lem

414 2513 514 2577 Deus.
547 2510 616 2590 Qui
629 2513 852 2581 ceritr‘itor'mn.
876 2507 927 2574 rel
952 2510 1104 2575 Hostium
1121 2524 1317 2577 nestrorum.
1348 2507 1476 2595 Quibus
1493 2509 1594 2576 finitis

414 2622 531 2683 exeant
547 2624 580 2682 et
596 2624 689 2682 sonet
705 2616 794 2702 prior
810 2614 968 2696 tabularu,
985 2616 1012 2682 si
1028 2624 1155 2702 tempus
1171 2615 1270 2683 suerit
1285 2616 1375 2705 loqui
1389 2617 1425 2683 iu
1437 2616 1593 2702 claustro,
1659 2622 1662 2629 ’

413 2732 446 2791 et
467 2732 584 2810 pergat
608 2724 830 2810 uuusquisque
853 2721 898 2789 ad
920 2722 1028 2790 osticia
1051 2745 1121 2791 sua

587 2995 642 3072 De
672 2995 844 3071 fratribus
873 2996 1090 3071 exeuntibus
1119 2995 1163 3071 de
1192 2995 1422 3077 monasterio.

500 3207 580 3279 XL.
615 3207 736 3274 Frater
765 3208 892 3292 fugiens
916 3207 957 3273 de
980 3209 1183 3275 monasterio
1199 3207 1277 3275 dum
1300 3207 1419 3275 reverti
1442 3206 1592 3290 voluerit,

412 3314 518 3381 nudus
541 3321 575 3381 et
597 3314 807 3382 discalciatus
829 3314 939 3380 reuiat
967 3314 998 3380 in
1022 3314 1216 3400 capitulum,
1245 3315 1279 3381 in
1308 3313 1446 3382 brachia
1475 3321 1593 3382 tenens

411 3421 582 3503 cucullam,
606 3429 639 3488 et
663 3443 761 3488 manu
780 3422 903 3506 virgam
919 3420 1036 3489 serens.
1072 3421 1220 3507 Accepto
1239 3420 1436 3506 judicioeat
1451 3420 1542 3488 foras
1557 3422 1591 3488 in

412 3527 521 3616 aliquo
543 3529 626 3610 loco,
651 3536 684 3594 et
708 3529 823 3595 restiat
847 3549 882 3593 se
906 3536 937 3594 et
958 3527 1090 3595 calciet:
1114 3535 1344 3614 revertensque
1360 3530 1485 3596 veroin
1503 3530 1593 3613 capi·

412 3634 526 3716 tulum,
550 3642 643 3720 petat
666 3636 792 3702 reniam
815 3642 892 3701 aute
916 3634 1068 3702 abbatem
1093 3644 1126 3703 et
1147 3637 1219 3721 ipso
1237 3636 1375 3721 jubente
1397 3642 1452 3703 eat
1476 3634 1592 3703 sedere

412 3744 496 3809 sicut
518 3743 631 3829 regula
655 3743 823 3828 praecipit.
859 3740 893 3810 Si
915 3741 1066 3809 domiuus
1081 3743 1184 3810 abbas
1200 3742 1302 3823 deest,
1326 3743 1389 3828 ipsi
1404 3749 1594 3810 reserretur

407 3848 575 3932 judicium.
611 3848 693 3916 Cum
710 3859 818 3916 autem
836 3859 951 3915 rentus
968 3849 1005 3934 (i)
1021 3849 1127 3932 suerit,
1150 3851 1221 3937 ipse
1244 3848 1347 3917 irater
1369 3849 1533 3918 subducat
1556 3871 1592 3917 aa

411 3978 431 4022 a
455 3966 630 4041 conspectu
654 3958 739 4040 ejus,
770 3956 874 4023 donec
897 3955 956 4021 tali
981 3957 1013 4023 in
1037 3956 1108 4024 loco
1131 3958 1256 4038 reniet,
1286 3955 1341 4023 ubi
1364 3957 1592 4056 petatrenias

412 4084 487 4129 suas
516 4062 765 4146 satisfaciendo,
795 4073 826 4129 et
858 4062 946 4150 qued
977 4064 1006 4130 ei
1035 4065 1255 4151 praeceperit,
1286 4063 1320 4131 id
1349 4063 1461 4135 iaciat.
1515 4062 1591 4132 Una

411 4177 507 4236 nocte
529 4170 639 4253 jaceat
664 4171 698 4236 iu
720 4169 890 4255 hospitale,
915 4179 1091 4256 aritequam
1115 4171 1301 4257 recipiatur.
1346 4169 1383 4240 si
1406 4170 1526 4258 fugerit
1550 4169 1592 4237 de

411 4275 521 4362 aliqua
552 4275 636 4343 cella
667 4283 698 4343 et
729 4276 773 4343 ibi
802 4298 949 4344 resersus
979 4275 1094 4359 suerit,
1124 4278 1319 4365 recipiatur,
1352 4286 1389 4345 ut
1418 4285 1469 4345 est
1492 4298 1592 4364 supra

411 4382 547 4468 dictum:
578 4393 610 4450 et
642 4384 773 4469 quaudo
803 4386 926 4451 reuerit
958 4383 1000 4449 ad
1030 4393 1128 4470 caput
1159 4384 1354 4452 Mouasterii
1384 4384 1534 4452 similiter
1557 4383 1591 4451 id

411 4487 520 4557 saciat.
567 4489 602 4556 Si
629 4490 746 4575 digerit
771 4490 813 4557 de
836 4491 946 4578 aliqua
971 4491 1064 4574 cella,
1095 4500 1126 4558 et
1151 4491 1194 4557 ibi
1218 4513 1284 4559 nou
1308 4512 1459 4559 reversus
1482 4490 1591 4572 tuerit,

411 4604 443 4661 ct
473 4598 595 4663 reuerit
626 4596 669 4663 ed
700 4605 797 4684 caput
828 4598 1034 4677 monasterii,
1069 4600 1265 4687 recipiatur,
1294 4607 1329 4664 ut
1361 4606 1411 4666 est
1442 4599 1592 4684 superius

412 4711 656 4787 praenotatum,
687 4702 790 4773 donec
814 4716 947 4771 vocetur
969 4706 1058 4790 pum
1081 4705 1122 4773 de
1145 4706 1217 4792 ipsa
1241 4705 1335 4792 cella,
1358 4713 1391 4773 et
1415 4706 1593 4773 audiantur
