3792 5375
35 2096 58 2168 a-
34 2001 59 2061 u*
35 1889 63 1951 ῦς
35 1786 65 1838 κει
34 1660 69 1733 ”tss-
41 1566 72 1621 a
35 1444 74 1523 12:²2

39 2226 56 2275 u

34 2326 53 2386 'u

34 2430 52 2496 'u

34 2539 48 2605 n

34 2665 46 2715 a

35 2761 42 2821 ι

844 553 1089 617 -140-

379 744 591 832 quoadusque
625 743 668 811 ad
709 745 987 812 consecrationem
1028 744 1184 813 uenerint.
1236 741 1339 811 Verbi
1373 741 1496 827 gratia:
1532 739 1560 806 si

379 854 496 919 tratres
517 852 668 918 reficiunt
691 861 785 918 sexta
807 852 900 935 hora,
934 852 1010 917 ilico
1033 859 1068 917 ut
1092 850 1182 917 dicte
1200 848 1298 916 suerit
1313 846 1423 929 tertie,
1447 845 1558 915 saciat

378 958 414 1026 Si
444 980 521 1025 vero
549 980 654 1040 nona,
685 980 761 1024 inex
783 965 821 1024 ut
844 957 951 1024 dietae
974 957 1095 1024 suerint
1124 956 1261 1023 litaniae
1291 953 1423 1021 ueniant
1446 952 1560 1020 novitii

378 1072 456 1130 :inte
479 1064 584 1132 altere
607 1073 641 1131 et
664 1072 752 1131 stent
776 1086 834 1150 per
856 1064 1004 1131 ordinem
1027 1061 1303 1151 quemadmodum
1325 1068 1502 1140 uenerunt,
1527 1066 1561 1126 et

377 1172 467 1256 legat
501 1173 721 1257 unusquisque
755 1194 848 1238 sirum
881 1171 1125 1257 professionem.
1184 1169 1221 1238 Si
1256 1191 1321 1236 uon
1356 1168 1435 1249 scit,
1476 1166 1560 1234 alius

377 1277 587 1362 subrogetur,
617 1279 672 1365 qui
701 1299 762 1364 prc
785 1300 820 1344 se
844 1277 954 1345 saciat.
1007 1278 1085 1364 Ipse
1115 1285 1226 1344 tamen
1257 1275 1397 1343 novitius
1432 1275 1559 1360 signum

377 1385 488 1464 iaciat,
511 1391 545 1451 et
568 1406 666 1471 super
688 1384 794 1451 altare
817 1385 972 1469 imponat.
1012 1382 1141 1451 Deinde
1157 1405 1223 1450 uon
1246 1382 1370 1449 habent
1391 1380 1559 1449 licentiam

377 1489 561 1575 auferendi3
586 1513 625 1558 ex
648 1500 726 1558 tunc
749 1490 862 1557 dicant
884 1490 971 1557 huuc
994 1512 1140 1573 versum,
1173 1492 1309 1578 Suseipe
1332 1514 1384 1558 ene
1407 1490 1557 1570 Domine,

377 1619 437 1683 per
460 1598 555 1680 vices,
579 1606 612 1664 et
635 1619 764 1683 semper
786 1596 1057 1683 geuuafleetant3
1081 1597 1299 1684 adjungentes
1312 1595 1432 1664 Gloria
1448 1598 1558 1677 Patri,

186 1729 229 1761 ω.
266 1728 282 1752 „-
378 1704 567 1790 volren][tes
582 1704 681 1771 tertia
697 1704 766 1770 vice
781 1726 816 1770 se
832 1725 933 1790 supra
949 1727 1009 1771 suu
1023 1726 1131 1791 genna
1145 1704 1178 1770 iu
1201 1705 1318 1789 girum,
1342 1708 1377 1770 et
1391 1710 1471 1769 tuuc
1485 1723 1559 1787 pru·

377 1812 536 1893 sternent,
552 1832 587 1877 se
602 1831 715 1878 omnes
730 1831 789 1897 per
803 1810 961 1881 ordinem.
992 1810 1088 1879 'l'nnc
1110 1810 1216 1878 abbae
1238 1809 1361 1878 habeat
1384 1808 1503 1876 stolam
1527 1817 1561 1876 et

377 1926 441 1984 stet
458 1940 498 1984 ex
515 1917 621 1985 latere
639 1918 756 1984 dextro
774 1917 900 1998 altaris,
912 1926 946 1983 et
958 1917 1058 1998 dicat,
1071 1920 1176 2006 syrie
1187 1921 1323 2001 eleyson,
1335 1918 1466 1986 Cleeekte
1480 1919 1560 2002 eley-

377 2049 444 2108 son,
463 2028 566 2113 KJnie
580 2028 715 2112 eleyson.
751 2028 857 2092 Pater
871 2039 990 2092 noster.
1026 2028 1072 2092 Et
1086 2048 1126 2092 ne
1140 2049 1207 2096 nos.
1242 2023 1290 2090 Et
1304 2021 1476 2109 psalmum,
1494 2025 1559 2090 Mi·

376 2155 487 2200 serere
508 2134 575 2200 mei
594 2135 696 2214 Dens,
721 2131 778 2217 qui
802 2130 959 2198 dicendus
981 2137 1032 2198 est
1046 2130 1089 2197 ab
1105 2131 1256 2199 omnibus
1271 2150 1375 2215 usque
1390 2127 1435 2195 ad
1451 2128 1559 2196 finem

377 2238 464 2305 Deiu
487 2238 632 2325 capitula
655 2245 688 2306 et
710 2238 875 2304 crationes
891 2238 975 2304 sicut
997 2238 1030 2304 in
1046 2238 1159 2306 codice
1174 2237 1348 2306 habentur.
1384 2235 1432 2302 Et
1446 2235 1559 2302 statim

376 2354 413 2411 ut
435 2345 557 2412 suerint
581 2344 703 2427 finitae,
728 2352 805 2412 tunc
827 2351 963 2430 surgant
985 2344 1046 2432 ipsi
1069 2345 1193 2427 numdi,
1218 2353 1253 2413 et
1267 2341 1561 2411 ebbasbeuedicet

376 2450 524 2518 cucullas
546 2460 581 2518 et
602 2457 761 2536 aspergat
782 2472 903 2536 aquam
926 2451 1134 2519 benedictam
1156 2473 1258 2539 super
1272 2451 1372 2539 ipsas.
1406 2450 1462 2517 Ex
1484 2448 1560 2517 lriuc

376 2558 486 2624 ueniat
518 2556 563 2625 ad
596 2558 686 2644 ipsos
720 2564 754 2624 et
786 2558 923 2644 incipiat
957 2555 1064 2626 dicere
1097 2556 1186 2626 huuc
1212 2580 1361 2640 versum,
1392 2560 1510 2626 Exuet
1530 2571 1561 2625 te
1679 2590 1683 2594 “

376 2678 517 2734 ueterem
540 2669 700 2735 horrentem
724 2668 884 2735 dominns.
929 2664 1025 2735 'l'unc
1051 2665 1209 2734 induatur
1237 2664 1367 2734 cuculla
1396 2674 1432 2733 et
1459 2664 1560 2745 dicat,

376 2776 500 2841 Induat
526 2785 557 2841 te
578 2776 750 2843 Donn‘nus.
796 2773 843 2841 Et
873 2773 1039 2842 osculetur
1069 2795 1143 2842 eum
1173 2773 1280 2843 sbbes
1310 2782 1344 2841 et
1365 2796 1478 2843 omnes
1500 2795 1562 2861 per

376 2878 523 2946 ordinem
551 2877 689 2949 iratres.
720 2887 754 2947 et
785 2888 942 2948 maneant
968 2882 1067 2949 relati
1096 2903 1200 2968 usque
1232 2881 1276 2949 ad
1299 2881 1434 2949 tertium
1462 2881 1559 2950 diem

376 2983 433 3052 Ad
457 2984 658 3053 offerendam
687 3009 799 3055 omnes
822 2988 922 3055 velati
952 2988 1151 3075 procedent,
1179 3010 1295 3076 pacem
1318 2989 1502 3075 accipiant,
1525 2997 1560 3057 et

377 3099 455 3159 eant
486 3091 531 3158 nd
565 3093 878 3161 communicandum.
934 3095 978 3162 In
1011 3096 1126 3163 ultimo
1159 3094 1235 3163 loen
1269 3102 1357 3163 stent
1390 3096 1426 3163 in
1458 3095 1559 3164 choro

377 3207 476 3284 atque
498 3197 679 3266 refectorio.
725 3200 781 3267 Ad
804 3201 983 3289 capitulum
1006 3224 1082 3272 mcx
1104 3211 1143 3270 ut
1165 3203 1290 3270 dictum
1312 3201 1413 3270 suerit
1435 3201 1558 3289 aliquid

376 3327 416 3371 ex
439 3313 552 3373 nostro
574 3329 654 3390 usn,
677 3311 963 3389 Remeneorumini,
987 3318 1067 3378 tunc
1090 3309 1318 3397 apprehendat
1346 3309 1422 3377 illos
1445 3309 1558 3391 frater,

376 3412 432 3498 equi
455 3412 706 3481 sollicitudiuem
737 3423 830 3502 gerat
859 3438 958 3502 super
979 3437 1045 3498 eos,
1068 3424 1103 3484 et
1126 3426 1219 3486 extra
1244 3416 1425 3505 capitulum
1448 3416 1559 3501 duest,

376 3526 475 3607 atque
498 3520 532 3585 iu
554 3519 694 3587 ecclesia
717 3521 866 3592 collocet
919 3523 995 3591 Hoc
1018 3523 1120 3591 saciat
1142 3545 1245 3610 usque
1260 3524 1295 3591 in
1310 3522 1445 3591 tertium
1461 3523 1559 3608 diem,

376 3625 409 3691 in
438 3646 504 3712 quo
533 3625 637 3694 abbas
669 3636 748 3713 ngat
776 3629 925 3711 missam,
949 3638 1081 3716 etpost
1103 3651 1218 3717 pacem
1242 3631 1462 3699 velamentum
1484 3652 1559 3699 cum

377 3731 583 3817 adjutoribus
605 3732 736 3802 suserat
757 3742 791 3803 et
814 3737 1071 3805 communionem
1094 3736 1229 3807 tribuat
1268 3736 1399 3806 Deinde
1413 3737 1449 3805 iu
1471 3739 1560 3826 capi·

376 3838 445 3907 tulo
467 3838 519 3905 nel
541 3838 622 3906 lucis
644 3841 794 3909 omnibus
815 3843 983 3910 socientur
1004 3843 1173 3915 fratribus.
1207 3844 1297 3912 Nam
1310 3852 1343 3912 et
1359 3844 1423 3932 ipsi
1446 3847 1561 3913 novitii

375 3944 481 4031 primo
504 3966 590 4012 auno
614 3968 679 4013 uon
701 3947 876 4035 loquantur
899 3971 971 4016 cum
996 3950 1061 4018 nlla
1077 3950 1208 4018 homine
1227 3951 1299 4019 siue
1315 3972 1375 4018 sue
1397 3951 1575 4033 custodia·

376 4071 436 4116 nec
459 4072 531 4118 cum
554 4052 635 4138 ipsis
658 4053 827 4135 iratribus,
850 4056 906 4143 qui
930 4055 1150 4126 claustrenses
1174 4072 1262 4143 sunt,
1286 4058 1350 4126 nisi
1365 4058 1418 4125 cui
1431 4059 1561 4145 jussum

376 4156 485 4226 suerit.
530 4157 620 4226 Nam
642 4169 676 4227 et
698 4161 768 4247 ipse
791 4163 935 4250 cusms¹)
958 4163 1074 4232 sedeat
1096 4166 1183 4233 inter
1205 4165 1312 4252 ipsum
1336 4173 1370 4232 et
1393 4186 1480 4249 eum,
1504 4167 1561 4252 qui

376 4284 449 4331 cum
479 4264 534 4332 illo
562 4265 653 4354 loqui
682 4269 783 4356 cupit.
829 4269 870 4337 In
898 4271 1043 4357 capitulo
1072 4293 1139 4340 non
1168 4278 1360 4361 praesumat
1382 4271 1474 4358 loqui
1497 4274 1561 4341 nisi

376 4369 418 4438 de
440 4370 550 4460 aliqua
580 4394 681 4441 causa
711 4375 931 4461 interrogatus
961 4377 1060 4445 inerit
1081 4400 1184 4466 nsque
1208 4401 1332 4447 annum
1354 4385 1560 4447 transactum

377 4497 435 4544 seu
458 4478 725 4567 quinquennium.

356 4670 360 4680 Ι
468 4708 490 4774 Ι)
508 4709 541 4766 lu
558 4716 654 4767 textu:
671 4720 773 4769 custus.
