3792 5375
796 513 1005 570 ..vn1..
1132 501 1134 506 ’

309 692 392 777 juris
426 691 551 775 tacere,
594 690 636 757 de
669 686 739 777 ipso
776 690 887 759 codice
920 713 997 758 rcro
1032 690 1144 777 aliqua
1179 689 1374 757 adnotanda
1410 695 1511 771 sunt.

311 799 500 885 priusquam
535 820 666 865 narraras
699 820 911 884 exponamus,
947 820 1029 884 qaas
1060 798 1094 864 in
1124 798 1196 883 ipso
1227 796 1357 865 edendo
1387 795 1499 865 ohser-

312 904 469 975 sabianus.

401 1010 514 1078 Codex
527 1011 710 1081 l'atieauus
725 1012 805 1096 sign.
820 1017 906 1078 6808
923 1020 1051 1079 constat
1071 1012 1156 1078 soliis
1176 1014 1424 1093 168‚29><18,2
1435 1032 1497 1077 cru.

311 1117 516 1205 Scripturaiu
528 1118 636 1205 prodit
654 1119 776 1185 saeculi
792 1119 908 1185 decimi
926 1120 1074 1185 exeuntis
1091 1117 1145 1184 vel
1158 1117 1303 1184 inauratis
1315 1118 1498 1204 undecimi3

311 1226 563 1292 illuminationes
586 1226 722 1311 desunt,
756 1234 901 1293 attamen
935 1225 1128 1313 praesertim
1164 1225 1197 1291 in
1232 1225 1379 1292 secundo
1411 1223 1498 1292 libro

310 1331 400 1399 haud
427 1354 504 1399 raro
533 1333 663 1399 litterae
698 1332 898 1419 majusculae
932 1355 989 1399 seu
1019 1332 1161 1398 initiales
1190 1329 1381 1399 rubricatae
1410 1338 1497 1399 sunt.

311 1440 352 1507 In
375 1441 488 1527 primis
512 1461 627 1506 uorem
649 1439 733 1505 soliis
749 1439 871 1507 codicis
888 1439 1050 1507 habentur
1065 1438 1317 1525 explanationes
1333 1438 1499 1524 qruaedarn

311 1547 489 1634 liturgicae.
536 1546 613 1614 Hac
648 1569 720 1613 curu
749 1547 829 1633 ipsis
859 1546 1075 1613 Farseusibus
1105 1545 1399 1613 consuetudinibus
1421 1567 1499 1614 con·

311 1656 483 1721 nexiouenr
506 1653 648 1739 aliquam
671 1653 824 1721 habuisse
847 1653 1007 1738 ridentur,
1031 1652 1207 1720 dolendum
1228 1674 1310 1721 sane
1326 1653 1415 1741 quod
1431 1675 1498 1721 non

313 1762 378 1829 sint
400 1762 559 1845 integrae.

403 1868 459 1935 tol.
480 1873 510 1934 1*
535 1868 642 1954 Iucip.
685 1866 835 1934 officinm
870 1867 958 1952 quuod
994 1875 1145 1951 uocatur,
1186 1867 1343 1937 introitus
1376 1867 1499 1935 missae

312 1975 412 2043 hahet
441 1976 567 2041 initium
590 1996 611 2042 a
635 1975 740 2062 prima
763 1973 980 2061 antiphonae,
1013 1996 1097 2061 aptiae
1127 1974 1250 2042 dieitur
1279 1975 1435 2043 introitus
1465 1981 1500 2043 et

313 2082 425 2150 linitur
447 2083 482 2149 in
505 2083 664 2163 oratioue,
695 2103 779 2168 quae
801 2103 823 2148 a
845 2082 1014 2149 sacerdote
1046 2081 1166 2148 dicitur
1196 2088 1275 2149 aute
1305 2082 1512 2168 lectionem.
1535 2157 1537 2160 ,

313 2190 430 2277 explic.
454 2189 509 2257 sol.
531 2195 565 2254 3*
586 2196 623 2256 ut
644 2190 749 2274 magis
779 2188 909 2255 studeat
935 2209 1035 2275 opere
1065 2208 1218 2255 exercere
1248 2211 1348 2274 quiam
1378 2188 1499 2258 serbis.

403 2297 458 2363 iol.
475 2302 510 2363 3*
530 2295 636 2382 K5rie
660 2296 801 2382 eleyson.
847 2295 922 2362 Hoc
945 2317 1044 2382 opere
1068 2296 1241 2382 completo,
1273 2296 1309 2363 id
1337 2304 1387 2365 est
1416 2296 1498 2365 adu·

314 2413 392 2473 nato
425 2426 485 2491 per
515 2403 792 2490 praedicationem
821 2403 934 2470 christi
963 2402 1104 2492 populo;
1133 2403 1252 2489 explic.
1283 2405 1316 2471 in
1347 2404 1499 2473 omnibus

313 2513 413 2598 igitur
434 2511 576 2596 peractis
598 2510 715 2578 osticiis
738 2512 884 2596 sequitur
903 2509 1007 2599 Kyrie
1031 2511 1172 2597 eleyson,
1196 2517 1275 2578 aute
1298 2512 1498 2580 dominicam

314 2619 507 2686 oraticnem.

402 2725 544 2794 Ibidem.
582 2725 636 2792 De
651 2725 775 2798 Cereis.
813 2726 1007 2793 Dicentibus
1023 2725 1212 2794 cantoribus
1229 2725 1336 2814 Kprio
1356 2728 1502 2815 eleyson,

315 2833 425 2900 acoliti
447 2853 465 2899 e
487 2832 640 2899 manilius
663 2841 787 2920 ponunt
810 2854 939 2920 ccre0s3
963 2834 1078 2919 explic.
1103 2833 1157 2900 sol.
1176 2840 1212 2901 3'
1235 2834 1355 2903 Potest
1377 2836 1502 2921 simpu-

315 2942 398 3007 citer
420 2938 558 3026 intelligi
580 2940 749 3027 dispositio
773 2962 938 3008 cereorum
961 2941 1134 3028 expeditus
1153 2962 1270 3008 currens
1290 2943 1380 3010 circa
1395 2942 1502 3012 altare

316 3046 534 3117 ministrandi.

404 3153 543 3224 Ibidem.
590 3153 644 3221 De
674 3154 780 3239 gloria
808 3156 842 3222 iu
872 3154 1009 3223 excelsis
1041 3154 1114 3226 deo.
1167 3154 1321 3223 Diximus
1350 3156 1502 3244 superius

316 3262 475 3328 transitus
511 3261 655 3347 episcopi
685 3260 726 3327 de
756 3261 852 3329 altari
886 3262 919 3328 in
949 3262 1117 3329 dexteram
1152 3268 1282 3349 partem
1317 3262 1502 3349 siguificare

286 3356 289 3362 Δ
317 3368 430 3436 christi
452 3368 627 3434 transitum
658 3368 699 3436 de
729 3369 882 3455 passione
912 3367 955 3435 ad
985 3374 1132 3435 eternam
1163 3370 1275 3439 ritum.
1323 3370 1501 3455 Sacerdos,

317 3475 450 3562 parando
473 3475 553 3541 dicit
568 3473 687 3544 Gloria
703 3475 734 3542 in
758 3474 894 3543 excelsis
917 3474 980 3542 deo
1003 3476 1137 3544 orientis
1160 3483 1275 3562 partes
1299 3476 1399 3545 debet
1414 3478 1502 3564 aspi·

316 3605 406 3669 cere3
436 3582 553 3668 explic.
575 3581 631 3649 nr.
655 3588 690 3649 4*
717 3583 765 3649 ita
789 3582 910 3650 sactum
933 3591 983 3650 est
1010 3592 1086 3670 post
1110 3583 1383 3652 resurrectionem
1406 3606 1501 3653 suam

316 3689 489 3756 adnuntiat
523 3689 669 3756 salrator
703 3689 826 3775 diceus,
860 3690 940 3768 detta
970 3697 1020 3758 est
1044 3690 1123 3757 milri
1153 3690 1259 3757 omnis
1285 3698 1437 3778 potestas
1467 3692 1502 3760 in

316 3796 408 3865 caelo
431 3804 465 3863 et
488 3796 522 3863 in
545 3802 645 3865 terra.

406 3902 462 3970 tot.
492 3906 527 3969 4*
562 3902 615 3970 De
655 3902 762 3990 prima
802 3904 949 3971 oratioue
989 3904 1120 3975 missae.
1177 3903 1320 3991 Quando
1361 3906 1502 3975 dicimus

320 4009 410 4088 ,Pax
445 4008 629 4077 rohiscunr⁸
668 4011 735 4077 ¹sire
773 4009 942 4090 „dominus
977 4010 1164 4078 vobiscum“
1197 4018 1248 4079 est
1275 4012 1434 4081 salutatio
1457 4014 1503 4084 ad

317 4116 489 4204 populuru3
519 4116 636 4204 explic.
661 4115 716 4190 lul.
737 4121 775 4183 4*
803 4116 846 4183 ad
875 4139 990 4203 puram
1021 4118 1169 4184 ueritatis
1198 4116 1310 4186 lumen
1334 4119 1501 4192 advolare.

406 4222 462 4290 sol.
486 4228 523 4289 4*
551 4222 604 4289 De
639 4223 786 4291 sessione
820 4224 973 4311 episcopi.
1019 4224 1107 4292 Dein
1135 4222 1257 4291 christe
1287 4226 1439 4295 ascendit
1468 4228 1502 4295 iu

318 4328 460 4409 caeluni,
496 4336 532 4396 ut
561 4330 676 4397 sedeat
708 4329 751 4396 nd
775 4329 943 4398 dexteram
966 4331 1088 4417 patuis3
1122 4331 1313 4417 episcopus,
1347 4333 1428 4421 quia
1450 4341 1504 4403 est

318 4437 460 4503 ciariis
489 4437 604 4504 christi
633 4437 667 4503 in
696 4436 864 4524 orrrnibus3
893 4438 1010 4526 explic.
1042 4438 1097 4509 tot.
1121 4444 1157 4506 ὁ*
1176 4460 1217 4507 eo
1246 4438 1347 4508 corde
1376 4447 1503 4508 stemus

318 4542 390 4627 hie,
424 4550 469 4610 ut>
493 4543 678 4611 bumilitate
711 4542 772 4610 snb
805 4544 942 4631 pedihus
972 4545 1089 4613 restris
1117 4544 1219 4614 sirum
1251 4553 1287 4613 et
1318 4568 1379 4634 pro
1407 4544 1503 4616 vobis

319 4669 458 4722 orentii.
