3792 5375
901 491 1123 552 ...58-

426 683 523 749 beata
558 685 663 750 maria
697 681 794 769 «pusulo
828 681 926 747 relint
962 678 1153 747 condecens.
1212 679 1430 749 Venientibus
1464 680 1512 746 sio
1545 700 1604 765 per

426 789 588 855 ordinem:
619 788 776 876 Inprimis
805 809 923 873 aquam
948 794 1106 867 sanctam,
1131 808 1261 854 crucem
1291 794 1391 872 utque
1416 785 1604 853 sacerdotes
1691 835 1696 842 .

426 895 562 962 ‹licemlo
585 898 751 963 orationes
774 916 832 979 per
854 893 1013 961 officinas.
1052 893 1183 960 Deinde
1199 891 1284 960 duae
1308 915 1421 960 cruces
1440 894 1472 959 iu
1496 892 1603 959 medio

426 1025 535 1069 earum
567 1003 750 1069 crucifixus.
796 998 1046 1087 Snlrsoquautur
1076 999 1275 1067 candelabro
1305 1000 1383 1066 bina
1412 1022 1496 1067 unus
1518 1001 1605 1066 inter

425 1132 462 1176 ea
488 1117 607 1178 textas.
644 1107 801 1175 Similiter
816 1107 880 1173 duro
897 1108 964 1173 alia
981 1107 1270 1172 candelabrorum
1287 1110 1419 1192 texte(!)
1436 1105 1603 1191 evangelii.

426 1217 477 1281 Er
514 1223 593 1282 tunc
631 1216 853 1301 arljungantur
882 1213 928 1278 illi
966 1212 1031 1279 cluo
1057 1236 1131 1279 cum
1161 1211 1325 1297 regalibus
1355 1214 1465 1298 signis.
1516 1213 1604 1279 Dein

427 1322 571 1407 magistri
604 1345 675 1389 eum
707 1319 894 1389 inluminas.
947 1319 1063 1386 Abbas
1093 1328 1167 1405 post
1197 1342 1263 1388 eos.
1310 1319 1397 1386 Aliis
1419 1342 1438 1386 e
1461 1318 1604 1384 moribus

426 1428 610 1515 renuntio)
634 1428 698 1495 duo
722 1433 757 1496 et
780 1425 843 1493 duro
866 1427 949 1492 sieut
973 1427 1097 1511 priores
1120 1435 1205 1493 suut.
1247 1426 1303 1492 Ita
1326 1448 1402 1492 sero
1425 1425 1490 1493 illis
1513 1447 1603 1511 egro·

426 1534 589 1601 clientibus
612 1535 699 1602 dicat
724 1533 875 1602 sacerdos
891 1534 1057 1600 orationes
1071 1533 1105 1599 iu
1122 1533 1219 1600 domo
1234 1532 1446 1602 intirmorum.
1484 1531 1605 1618 Sicquo

427 1642 533 1707 veniat
548 1649 625 1708 ante
648 1664 740 1709 aram
759 1646 891 1706 sauctae
906 1640 1030 1707 mariae
1046 1639 1158 1707 dicens
1173 1640 1261 1706 hunc
1283 1661 1422 1723 rersuru,
1439 1643 1478 1706 ln
1492 1663 1604 1707 rester-

425 1753 564 1816 rrctr'oue
580 1762 637 1815 nra
653 1753 785 1829 chrisa,
802 1747 983 1814 orationem
1000 1745 1040 1813 de
1057 1747 1307 1831 resurrectione,
1323 1768 1407 1832 quae
1422 1745 1603 1815 conveniat.
1697 1745 1700 1750 ’

425 1854 584 1920 Exeuntis
608 1877 684 1923 rero
707 1853 802 1923 sicuti
825 1862 994 1937 venerunt,
1018 1855 1066 1921 ito
1088 1860 1175 1921 eant.
1226 1852 1465 1921 Convenientes
1494 1859 1604 1919 autem

426 1963 457 2027 in
481 1963 565 2029 atrio
589 1971 667 2029 aute
686 1964 821 2048 januam
845 1962 1033 2027 monasterii
1056 1968 1144 2028 stent
1158 1961 1301 2027 ordinati
1323 1967 1359 2027 ut
1383 1961 1605 2042 reuerentia

426 2067 531 2136 userlio
556 2070 714 2151 seniores,
740 2067 824 2134 sieut
844 2088 914 2133 rnos
938 2069 1046 2133 estin
1070 2067 1170 2135 choro
1193 2074 1290 2134 stare.
1330 2066 1423 2133 Tuuc
1445 2067 1606 2133 armarius

426 2184 551 2242 annuat
573 2175 781 2257 ermioniae,
811 2172 927 2258 quibus
950 2175 980 2241 oi
1004 2175 1108 2240 risum
1131 2172 1247 2258 suerit,
1278 2179 1316 2240 ut
1345 2173 1541 2241 conreniaut
1570 2174 1605 2239 in

426 2282 531 2348 medio
547 2289 623 2368 post
639 2284 791 2361 inientes,
807 2280 1041 2366 imponantque
1056 2279 1143 2348 hanc
1159 2279 1385 2367 antiphonam,
1403 2281 1605 2366 Crucifixum

356 2389 358 2392 ’
425 2392 460 2454 in
484 2411 592 2470 carue,
617 2395 668 2454 ter
691 2411 765 2456 cum
788 2387 991 2473 repetitione,
1015 2390 1126 2457 Nolite
1148 2400 1299 2456 uretuere.
1339 2388 1509 2454 Intruutes
1531 2406 1605 2454 aec·

427 2493 568 2575 clesiam,
593 2493 837 2581 Paraplronista
851 2493 987 2581 incipiat
1002 2493 1225 2582 autiphonam,
1247 2496 1400 2563 Christus
1413 2517 1603 2579 resurgens,

426 2601 475 2668 rel
504 2603 762 2689 responsorium,
793 2603 911 2669 illaria
941 2605 1155 2689 uragduleua.
1213 2601 1425 2669 Pulsautibus
1454 2598 1605 2668 omuibus

426 2710 542 2795 signis,
573 2710 662 2776 dicta
692 2708 840 2778 oratioue
868 2716 971 2795 agant
999 2711 1141 2780 tertiam.
1202 2708 1379 2777 Secu-etarii
1415 2708 1605 2796 cooperiant

426 2816 530 2883 altare
554 2838 595 2882 ex
618 2816 746 2884 duobus
769 2815 886 2901 palliis,
911 2823 945 2883 et
962 2816 1082 2899 album,
1107 2824 1141 2883 et
1155 2823 1235 2883 tuno
1249 2816 1348 2884 (louet
1363 2839 1497 2903 cappas,
1519 2836 1604 2903 quae

425 2923 458 2988 in
489 2921 589 2992 olroro
618 2923 740 2991 ‹lebent
769 2942 840 2988 esse
870 2921 912 2988 ael
943 2924 1128 2992 armarium.
1185 2923 1234 2989 Et
1262 2931 1341 2990 tunc
1370 2923 1504 3009 incipiat
1533 2924 1605 3010 ipse

428 3031 622 3096 secretarius
645 3029 841 3098 distribuere
863 3050 922 3114 per
945 3029 1089 3113 singulos
1112 3029 1195 3097 alios
1218 3031 1318 3096 etiam
1347 3029 1390 3096 ad
1421 3052 1604 3100 couversos.

428 3135 483 3202 Aa
513 3137 655 3203 infantes
686 3138 823 3203 tunicas.
868 3134 1082 3202 Pulsantibus
1112 3137 1230 3221 signis,
1260 3137 1403 3203 osticium
1432 3135 1605 3205 duodecim

427 3250 570 3311 teneant.
620 3242 876 3328 Respousoriaru
900 3249 1067 3327 quattuor,
1091 3242 1237 3328 Alleluja
1260 3265 1326 3323 sex,
1350 3243 1504 3312 candelos
1526 3249 1605 3311 anto

426 3350 531 3416 altare
547 3348 730 3432 duodecim,
755 3349 915 3436 posterius
932 3348 1061 3417 decem:
1085 3349 1129 3417 ad
1145 3352 1325 3436 sequeutia,
1349 3351 1521 3437 pulsentur
1538 3349 1605 3420 (luo

427 3456 537 3541 signa3
567 3456 699 3543 expleta
728 3457 843 3538 nrissa,
874 3462 1014 3525 caetera.
1067 3457 1109 3523 In
1138 3457 1312 3525 refectorio
1334 3458 1416 3526 haec
1439 3458 1606 3545 generalis

427 3562 588 3630 habeant:
622 3563 730 3649 prima
764 3561 958 3629 ministratio
993 3583 1032 3630 cx
1066 3563 1247 3649 pisciculis,
1282 3564 1472 3633 cellararius
1506 3565 1606 3632 debet

428 3691 643 3756 praeparare,
668 3677 701 3737 et
724 3668 945 3756 septimanarii
969 3668 1153 3757 deportare.
1199 3669 1371 3757 Secunda,
1400 3671 1487 3758 quod
1510 3693 1604 3758 proe-

323 3800 338 3824 r
428 3784 579 3861 paratum
594 3776 795 3863 lraflbuerint
810 3775 988 3861 corprinarii
1004 3776 1182 3859 deleratur,
1195 3784 1229 3844 et
1244 3778 1434 3845 cellararius
1449 3778 1604 3864 imponat.

428 3881 513 3948 Nam
538 3890 575 3949 nt
596 3881 718 3949 iactum
741 3880 908 3962 imbuerit,
939 3890 1033 3950 sonet
1063 3885 1189 3970 signum
1217 3892 1382 3952 annuente
1405 3884 1540 3964 abbate,
1572 3892 1606 3951 et

428 3988 502 4054 ilico
526 3995 639 4076 surgat
660 3988 906 4072 refectorarius,
929 3990 1094 4076 percutiat
1115 4012 1181 4057 uuo
1204 3992 1273 4058 ictu
1301 3990 1461 4077 squillam.
1511 3989 1606 4059 Touo

429 4103 561 4181 surgant
585 4117 697 4162 omnes
727 4096 871 4163 conversi
901 4097 943 4163 ad
973 4097 1212 4183 propinandam
1239 4098 1415 4184 potionem.
1467 4098 1605 4165 Interim

429 4222 505 4267 sero
528 4199 719 4268 cellararius
751 4224 822 4266 rum
853 4202 919 4268 suis
946 4202 1140 4272 officialibus
1171 4204 1324 4292 ‹leportet
1346 4204 1537 4293 pietantiam
1560 4203 1606 4272 ad

431 4329 574 4374 mensam
598 4307 689 4392 prins
713 4308 821 4375 domni
842 4308 982 4393 sabbatis,
1006 4318 1040 4378 et
1063 4312 1110 4377 sic
1132 4310 1208 4377 inde
1231 4332 1292 4398 per
1306 4310 1397 4378 alios.
1436 4310 1519 4379 Ilico
1534 4333 1605 4378 sur·

429 4421 486 4498 gat
508 4421 703 4500 procurator
723 4415 899 4495 refectorii,
924 4416 1025 4484 iaciat
1046 4424 1083 4485 ut
1103 4418 1205 4504 prius.
1246 4416 1517 4505 conveniantque
1539 4440 1607 4485 orn·

431 4541 488 4585 nes
510 4519 640 4587 diaconi
663 4522 833 4588 caritatem
856 4521 1007 4593 serentes.
1050 4524 1178 4591 Dehinc
1201 4523 1427 4592 ebdomadarii
1445 4525 1606 4610 coquinae

431 4625 508 4692 «lent
527 4649 620 4693 suram
643 4627 854 4712 pulmentum.
897 4628 1014 4696 Statim
1039 4638 1076 4696 ut
1099 4631 1246 4697 sonuerit
1269 4630 1389 4718 squilla
1411 4630 1528 4699 iterum
1551 4638 1608 4699 eat
