3792 5375
842 561 1090 625 -136-

464 755 506 822 In
519 754 689 822 cotidianis
701 753 816 821 diebus
832 752 1076 841 procurandum
1090 751 1270 820 secundnm
1287 751 1434 838 regulam
1449 753 1555 819 suncti

374 860 548 930 benedicti.

742 967 898 1053 Inprimis
921 967 1057 1035 metrice
1079 966 1200 1037 dictos.

481 1092 635 1180 Quisquis
658 1092 701 1159 ad
725 1100 894 1159 ueternum
917 1090 1044 1158 mavult
1067 1088 1287 1159 conscendere
1310 1111 1446 1176 regnum

480 1200 590 1267 Debet
613 1200 656 1266 ad
681 1199 878 1285 astrigerum
901 1205 1012 1265 urente
1035 1198 1143 1265 subire
1166 1197 1279 1285 polum

480 1306 651 1391 Religioue
674 1307 731 1392 piu
754 1306 840 1372 vitoe
862 1305 1017 1392 perquire
1040 1304 1166 1386 collem,

480 1412 648 1481 Scandere
671 1435 735 1500 quo
758 1413 869 1480 relect
891 1434 994 1480 aures
1015 1433 1118 1498 regns
1138 1411 1238 1481 celer.

480 1520 543 1587 Est
565 1519 740 1587 bionucbis
763 1542 842 1586 usus
865 1518 1039 1587 Benedicti
1062 1520 1129 1585 rita
1151 1517 1322 1605 putrisque

480 1626 643 1693 Persectis
668 1626 768 1713 plano
791 1633 826 1694 et
848 1627 940 1692 suasi
964 1626 1097 1693 tremite
1119 1625 1206 1692 vitex

480 1733 612 1820 Aspera
635 1733 693 1799 sed
716 1733 825 1819 pneris
847 1753 999 1801 necnon
1022 1730 1190 1819 tyronibus
1213 1738 1289 1799 ertu

478 1840 570 1926 Quos
591 1839 678 1907 oluit
700 1839 822 1927 gremio
843 1838 954 1907 lacteo
976 1839 1045 1907 rite
1067 1838 1134 1906 diu.

478 1945 636 2013 Patribus
659 1968 681 2013 o
704 1946 824 2014 nostris
847 1947 882 2012 in
904 1967 1002 2013 sucro
1023 1945 1168 2013 carmine
1190 1944 1273 2032 legis

477 2051 575 2120 Haec
597 2060 648 2119 est
671 2053 739 2119 rita
761 2052 866 2137 bonis,
889 2074 1018 2121 necnon
1041 2058 1075 2119 et
1097 2073 1213 2120 norme
1236 2051 1371 2119 solutis:

477 2160 573 2227 Haec
595 2158 679 2226 bene
703 2166 851 2228 materno
874 2167 972 2227 notos
995 2159 1137 2245 castiget
1160 2178 1284 2244 umore,

476 2265 599 2352 Arguit
621 2266 784 2347 erudiens,
807 2273 842 2334 et
863 2266 934 2333 sine
958 2265 1037 2333 selle
1059 2287 1214 2333 munensr
1236 2266 1262 2354 ][

476 2371 595 2439 Librst
617 2381 651 2440 et
674 2373 871 2459 aequiperet
893 2380 926 2439 et
950 2371 1154 2441 moderando
1176 2373 1299 2441 minut:

477 2479 609 2564 Arguit‚
633 2479 794 2563 obsecret,
816 2480 979 2567 increpat,
1003 2486 1104 2565 utque
1127 2478 1271 2547 libenter
1293 2477 1458 2547 emendet.

477 2585 587 2653 Debet
609 2592 644 2653 et
667 2585 803 2653 ulterius
825 2585 917 2653 nulls
937 2585 1084 2653 levanda
1106 2586 1187 2675 poti,
1569 2583 1571 2586 ’

476 2693 523 2760 Et
545 2695 597 2761 sis
619 2716 681 2781 per
702 2693 845 2761 medium
867 2695 960 2781 regis
982 2693 1084 2762 ducet
1105 2714 1192 2766 eum.

475 2799 664 2868 Hortuntur
687 2822 800 2868 sacrae
823 2801 936 2868 munis
957 2800 1043 2888 legis
1064 2821 1158 2869 eum:

476 2905 643 2989 Scandere
667 2914 746 2975 tuuc
769 2909 892 2995 poterit
914 2929 1018 2994 regns
1040 2907 1140 2976 besto
1160 2908 1228 2996 poli

476 3011 634 3099 Quisquis
657 3021 748 3081 emet
770 3014 886 3082 rutilos
909 3020 1100 3082 sanctornm
1123 3012 1264 3104 curpere>
1283 3015 1421 3099 fructus,

475 3117 638 3187 Noctibus
660 3121 696 3187 iu
719 3120 843 3188 cunctis
864 3120 1072 3189 consocietur
1093 3121 1160 3207 eis3

476 3223 628 3294 bionbus
651 3235 788 3295 ornatus
811 3235 846 3295 et
868 3235 961 3296 cesto
984 3248 1122 3315 corporo
1144 3236 1296 3316 comptus

475 3333 586 3419 Vicat,
609 3342 644 3402 et
666 3356 688 3401 a
710 3333 853 3403 Domino
876 3355 1007 3421 semper
1028 3341 1158 3404 umatus
1180 3335 1254 3403 erit.

475 3438 529 3507 Sit
551 3441 670 3507 tacitus
692 3439 832 3524 humilis,
856 3441 1048 3509 mitissimus
1070 3448 1170 3528 atque
1192 3441 1372 3531 benignus:

474 3544 526 3614 Sit
548 3547 690 3633 patiens,
714 3546 853 3632 sobrius,
876 3547 1033 3635 providus
1054 3555 1154 3636 etque
1177 3549 1260 3636 pius.

474 3652 602 3720 Indolis
624 3661 660 3721 et
682 3653 798 3722 docilis
820 3656 954 3743 sepiens
976 3663 1012 3723 et
1034 3662 1143 3723 mente
1165 3654 1315 3742 pusillus,

473 3758 709 3847 Compuuctuq
733 3761 880 3848 placidus
903 3768 938 3829 et
959 3761 1045 3829 bene
1067 3770 1186 3830 cautus
1209 3770 1275 3831 eet.

473 3865 611 3934 Excitat
634 3868 761 3934 interea
783 3867 892 3936 cordis
915 3869 1126 3956 compunctio
1149 3868 1286 3956 iontem,

473 3971 538 4059 Qui
561 3972 675 4041 sordes
698 3975 828 4043 animae
851 3974 1055 4063 inluviesque
1076 3975 1167 4044 leret

472 4077 660 4147 chrismate
682 4079 832 4167 perfuso:
855 4080 1077 4169 laerymarum
1099 4082 1185 4152 fusio
1207 4082 1320 4153 fontis.

472 4183 682 4272 Aequiperut
704 4186 861 4272 mucules,
884 4189 984 4275 tergit
1006 4189 1122 4258 utillo
1144 4191 1257 4276 nigra

471 4289 595 4377 Tergit,
618 4300 654 4360 et
677 4293 808 4362 ablutos
829 4294 980 4382 paradisi
1002 4296 1066 4364 rite
1088 4296 1224 4366 colonos

471 4397 596 4480 Eitieit,
619 4408 658 4467 ut
681 4400 804 4467 habeut
821 4401 893 4487 jum
914 4403 987 4470 sine
1010 4401 1075 4470 fine
1098 4403 1186 4473 circs

471 4503 536 4591 Qui
555 4506 680 4591 jugiter
702 4506 809 4574 leudis
831 4508 961 4594 possint
982 4508 1169 4596 persolvere
1191 4518 1304 4596 graus
1337 4580 1343 4591 ,

471 4610 590 4680 Vicere
613 4632 688 4680 eum
711 4611 853 4682 Domino
875 4635 1017 4702 semper,
1040 4622 1075 4683 et
1096 4636 1169 4684 esse
1192 4638 1263 4688 suo.
