3792 5375
765 462 769 467 ’
892 479 1112 543 -ss-

415 695 496 760 «puae
519 680 679 759 superest,
703 672 914 738 decreverunt
938 669 1006 736 lieri
1026 678 1057 736 ct
1081 669 1191 755 scripti
1216 679 1291 735 suat
1313 670 1346 735 in
1364 668 1586 756 iosap-logio.

416 780 509 848 t'nde
533 780 707 845 constitum
732 778 811 843 clare
834 777 868 842 in
890 776 1031 861 hospitio
1055 775 1218 861 stipendia
1236 774 1280 841 ud
1294 775 1401 843 'xus
1414 797 1586 862 pauperes,

414 896 445 952 ct
475 884 606 972 quando
630 884 748 952 vllem
771 883 820 949 rel
844 884 942 948 etiam
967 882 1021 956 Vs.
1072 881 1257 949 Secundum
1292 882 1483 950 beneficium
1518 883 1587 949 illo·

414 1016 483 1059 rum
506 990 744 1072 defunctorum,
768 1012 905 1075 qnomni
927 988 989 1057 hoc
1012 997 1239 1056 concesseruut
1262 990 1425 1072 coenobio,
1449 991 1497 1056 ita
1510 1011 1586 1057 con·

413 1101 534 1185 scripta
557 1108 633 1164 sunt
656 1096 743 1182 apud
767 1118 826 1163 nos
849 1105 882 1163 et
905 1097 1007 1163 visum
1031 1106 1079 1161 est
1106 1095 1254 1162 omnibns
1283 1095 1438 1163 fratribus
1460 1103 1586 1163 rectum

413 1228 508 1292 super
529 1205 591 1272 hoc
615 1213 649 1271 ct
672 1204 885 1270 sanctissimis
908 1202 1081 1270 abbatibus
1103 1203 1196 1269 istius
1226 1205 1430 1286 monaste-rii,
1469 1203 1587 1290 quibus

412 1312 623 1396 praefuerunt
646 1310 864 1396 qualicunque
887 1309 968 1376 scria
993 1309 1120 1376 illorum
1145 1331 1254 1376 anana
1283 1318 1442 1395 proseuta
1465 1318 1585 1391 essent,

412 1427 448 1484 ut
471 1420 504 1485 in
527 1417 700 1484 refectorio
723 1423 923 1502 praeparata
944 1415 1086 1482 habeant
1110 1417 1266 1501 optimam
1288 1416 1498 1484 resectionem
1525 1440 1586 1505 pro

411 1525 539 1592 illorum
562 1525 770 1591 veneratione
794 1532 826 1589 ct
848 1523 938 1610 potio
962 1524 1152 1609 propinetur
1174 1522 1322 1590 omnibus
1337 1524 1494 1591 fratribus
1510 1546 1585 1591 cani

412 1634 518 1699 sonitu
542 1630 690 1718 squillae.
736 1631 782 1696 Et
805 1630 833 1696 si
856 1630 941 1697 infra
964 1631 1087 1697 octaris
1110 1653 1167 1697 seu
1191 1629 1360 1697 dominicis
1388 1629 1504 1698 diebus
1527 1654 1584 1698 seu

412 1739 609 1825 sollempniis
643 1746 832 1805 sanctorum
866 1738 1009 1804 creuerit
1042 1736 1170 1803 illorinn
1204 1738 1426 1823 pronuntiatio
1457 1738 1584 1804 tamdia

411 1855 609 1934 expectetur,
633 1865 801 1932 quousque
823 1845 893 1911 dics
915 1843 1085 1911 absolutus
1107 1845 1259 1914 evenerit.
1306 1843 1358 1911 De
1381 1845 1494 1911 officiis
1522 1867 1584 1932 pro

412 1952 475 2020 illis
502 1953 644 2039 qualiter
673 1951 834 2037 agendum
865 1952 907 2017 sit
937 1951 1122 2037 requiratur
1144 1951 1176 2017 in
1200 1972 1260 2018 usn
1283 1950 1447 2020 cotidiano
1470 1960 1505 2019 et
1527 1951 1589 2019 ab·

411 2061 515 2127 solute
552 2060 703 2126 inveniet.
765 2056 894 2143 Quarta
928 2064 1037 2123 autern
1072 2064 1106 2124 et
1139 2065 1233 2124 sexta
1270 2057 1351 2125 seria
1384 2059 1417 2125 in
1445 2058 1528 2125 XL·
1545 2060 1584 2148 ¹),

411 2166 541 2252 quamdo
563 2166 727 2253 processio
752 2165 805 2248 tlt,
828 2185 916 2231 nona
937 2163 1019 2229 liora
1042 2165 1166 2249 signum
1189 2165 1337 2250 pulsetur
1358 2172 1392 2233 et
1414 2187 1527 2233 omncs
1550 2168 1584 2233 in

411 2274 569 2342 aecclesie
584 2272 780 2341 conueniant
796 2271 1040 2357 orationemque
1052 2271 1145 2337 simul
1158 2280 1268 2357 agant.
1298 2272 1398 2340 Pueri
1414 2294 1491 2340 vero
1507 2281 1585 2341 ante

411 2382 513 2449 altare
536 2388 632 2465 eant3
658 2379 815 2463 signoque
837 2377 968 2445 interim
990 2400 1144 2464 percusso
1166 2378 1282 2446 liorem
1305 2379 1491 2449 ‹lecantent
1537 2381 1584 2449 Et

411 2497 487 2554 tunc
510 2487 684 2555 exeuntia
714 2485 859 2553 clanstro
893 2495 927 2551 et
961 2508 996 2552 se
1030 2487 1249 2573 unusquisque
1284 2486 1453 2555 discalciet
1483 2495 1583 2576 atquc

410 2617 521 2661 manas
537 2616 614 2662 suas
628 2593 726 2660 lavet.
757 2592 799 2658 Iu
818 2591 1009 2658 aecclesiam
1025 2593 1228 2675 conveniant,
1252 2601 1285 2661 et
1300 2615 1366 2662 aon
1382 2595 1467 2662 sicut
1481 2595 1584 2680 priori

410 2711 527 2788 quma
548 2710 581 2770 et
605 2712 699 2769 sexta
721 2700 804 2767 seria
826 2700 1006 2768 orationem
1029 2701 1223 2786 praemissa,
1251 2700 1311 2769 sed
1332 2702 1419 2770 inira
1441 2702 1582 2790 quadra·

410 2811 550 2895 gesimae
572 2808 767 2895 sollempnia
788 2807 901 2873 statim
923 2806 1134 2892 autiphonam
1157 2808 1287 2876 inchoet
1310 2809 1412 2893 scola,
1442 2813 1585 2899 Exurge

411 2918 505 2998 claru,
543 2924 577 2984 et
606 2915 687 2995 alis,
726 2935 810 2999 qaae
838 2920 965 2979 restant
991 2913 1162 3000 adipsum
1185 2916 1583 3004 sersitinmpertinentis,

411 3046 493 3110 quae
516 3023 720 3104 nullatenus,
757 3028 793 3087 ut
816 3040 908 3102 reor,
945 3021 1109 3104 incognite
1130 3020 1303 3089 habeatnr.
1348 3021 1478 3107 Quarta
1501 3023 1584 3093 ieris

411 3129 603 3198 adveniente
632 3136 774 3197 tractum
804 3126 869 3194 duo
892 3147 932 3193 ex
956 3125 1112 3194 iratribus
1140 3128 1175 3194 in
1198 3128 1282 3196 albis
1305 3129 1498 3213 decantent,
1529 3133 1584 3201 De
1668 3123 1670 3127 Α

410 3241 654 3307 necessitatibus
682 3236 763 3305 ratis
785 3237 875 3321 eripe
896 3259 948 3301 me
969 3237 1057 3303 deris.
1103 3232 1195 3301 Tunc
1223 3235 1286 3320 ipsi
1310 3234 1373 3305 duo
1396 3259 1432 3305 se
1458 3247 1583 3306 exuent

410 3368 481 3413 eum
523 3341 692 3413 offerenda
725 3348 842 3408 exacta
875 3340 1005 3407 inerint
1066 3339 1335 3427 Quadragenario
1368 3343 1426 3412 illo
1459 3345 1582 3434 to][tis

409 3452 522 3522 diebus
544 3452 621 3536 illis,
645 3448 763 3537 quilius
785 3447 913 3514 silentio
935 3453 1066 3513 tenetur
1086 3448 1120 3514 in
1143 3447 1286 3516 claustro
1309 3470 1367 3538 per
1389 3450 1582 3521 leriashors

409 3562 500 3647 quasi
524 3567 620 3627 sexta
642 3555 685 3625 ad
717 3576 820 3641 osque
842 3560 950 3640 potest
973 3555 1021 3620 ire
1043 3553 1087 3620 ad
1110 3576 1201 3621 snam
1224 3555 1459 3626 consessionem
1484 3581 1581 3627 unns·

408 3670 543 3756 quisque
566 3688 640 3734 cum
664 3663 842 3731 necessitas
863 3661 1058 3748 poposcerit.
1103 3658 1321 3730 Sabbatornm
1350 3686 1491 3752 namque
1514 3666 1582 3736 die·

410 3763 468 3842 lius
490 3773 541 3842 vel
564 3772 658 3840 iestis
680 3770 760 3852 illis,
799 3790 882 3853 quae
909 3768 943 3834 in
966 3768 1029 3835 hac
1051 3768 1301 3854 quadragesima
1322 3770 1495 3840 duodecim
1517 3773 1582 3842 lec·

409 3883 513 3950 tiones
536 3886 656 3966 egum,
679 3875 849 3944 confestim
873 3882 909 3942 nt
930 3896 1034 3961 agaris
1056 3875 1107 3943 dei
1130 3875 1370 3961 inchoaverint,
1405 3879 1582 3949 sustollent

408 3990 565 4056 cortinam
604 3994 704 4071 atque
741 3983 865 4050 formae
900 3982 936 4048 in
973 3982 1103 4067 longam
1132 3990 1346 4071 coaptentur.
1402 3983 1581 4054 Secretard

408 4098 529 4182 qnippe
558 4092 692 4181 pallium
722 4090 821 4156 alium
850 4110 948 4174 snper
977 4088 1082 4155 altare
1110 4090 1144 4156 in
1172 4089 1306 4158 modum
1329 4089 1433 4158 selum
1456 4112 1581 4179 expen-

409 4202 498 4270 dant.
544 4197 749 4267 Exeuntibns
776 4218 818 4263 ex
844 4217 976 4282 vespere
1004 4194 1110 4263 albam
1140 4218 1240 4283 super
1260 4197 1366 4284 ipsum
1389 4196 1579 4271 extendant

409 4309 449 4376 In
472 4308 569 4376 tertio
591 4315 751 4374 nocturno
774 4303 938 4390 deponant
961 4302 1071 4370 albam
1101 4310 1238 4370 tantum.
1285 4303 1342 4371 Aa
1367 4304 1498 4372 missam
1525 4326 1579 4375 co·

408 4416 687 4502 «sponsaturum,
715 4410 808 4477 finita
829 4416 959 4479 exuant.
1005 4408 1152 4496 Vespera
1174 4410 1277 4495 ipsius
1300 4410 1364 4478 diei
1386 4412 1580 4480 exeuntibus

488 4570 620 4581 «ru-..no-

498 4648 519 4715 ¹)
536 4645 569 4703 ln
587 4646 662 4718 Kb,
683 4641 739 4698 alla
755 4637 882 4713 apansa
897 4654 1003 4696 msam.
