3792 5375
153 1333 266 1373 Μ.Ὼ“

96 1542 346 1589 udnhLXUdh

96 1648 345 1694 fflluthLL

855 480 1077 541 ...46-

377 673 554 739 serramlus
578 678 721 738 aestate:
745 671 869 755 Jejnnii
893 670 1006 737 diebus
1030 670 1175 755 exceptis
1198 691 1300 756 usque
1324 670 1367 735 ad
1384 667 1559 736 Kalendas

376 780 527 845 octobris.
580 778 647 845 Per
676 786 780 845 totam
809 779 909 862 igitur
937 776 1154 843 ebdomadam
1184 797 1314 862 semper
1342 776 1376 842 in
1405 773 1558 841 laudibus

376 885 573 971 antiphonae
595 886 795 973 inponantur
821 884 984 970 propriae.
1029 881 1145 949 Tertia
1172 881 1255 949 teria
1285 883 1478 949 Passionem
1508 902 1558 947 se·

376 991 516 1057 cundum
551 1014 695 1058 marcum
730 990 817 1075 legat
852 989 1008 1057 diaconus
1036 989 1235 1056 admissam
1260 1012 1334 1056 curm
1357 989 1557 1057 salutatione

376 1096 498 1183 absque
524 1101 640 1166 Gloria
664 1101 725 1166 tibi
745 1100 895 1168 Domine.

465 1205 564 1271 Feria
586 1212 706 1291 quarta
728 1212 803 1291 post
818 1203 954 1270 Palmae
970 1225 1034 1270 nou
1058 1210 1106 1269 est
1131 1201 1262 1287 agenda
1282 1203 1461 1289 processio.
1500 1201 1557 1268 Ad

375 1333 503 1378 sacmm
525 1312 684 1378 osticium:
714 1314 753 1378 la
777 1311 927 1398 ao]lmiae
949 1313 1097 1378 Domini.
1142 1307 1269 1390 Oratio,
1293 1312 1442 1376 Praesta
1458 1332 1557 1395 qaae·

373 1442 487 1486 saraias
509 1423 706 1505 oraerripoteas
729 1419 832 1495 Deae,
864 1430 902 1484 iet
923 1418 984 1501 pari
1003 1417 1135 1483 nostris.
1182 1414 1317 1498 Lectio,
1349 1418 1461 1484 Dicite
1479 1417 1559 1504 filie

374 1526 505 1594 saar>
534 1523 803 1609 Respousorium,
820 1525 871 1589 Na
886 1537 1023 1590 avertas
1027 1524 1159 1609 sociem
1177 1535 1278 1590 taam.
1310 1521 1438 1606 Lectio,
1456 1525 1560 1590 Dixit

374 1634 509 1715 Esaias,
533 1633 675 1699 Domine
689 1635 764 1718 qais
780 1630 971 1699 credidisti>
1006 1628 1149 1696 Tractus
1173 1649 1194 1695 a
1217 1629 1345 1697 duobus
1362 1629 1558 1697 decantetur

373 1739 407 1804 in
432 1737 526 1806 albis.
572 1737 719 1822 Legatur
741 1738 938 1824 passiacum
963 1737 1161 1804 salutatione
1185 1746 1218 1803 et
1242 1737 1322 1821 siue,
1354 1737 1473 1806 Gloria
1496 1740 1560 1805 tibi

373 1848 523 1916 Domine.
568 1842 626 1910 Ad
649 1866 819 1929 vesperum
844 1865 939 1930 prece
956 1848 1031 1929 Ego
1054 1847 1132 1912 draci
1152 1847 1283 1912 statariae
1304 1848 1463 1913 eniserm
1480 1846 1557 1913 mei.

374 1951 455 2018 Post
477 1972 647 2038 vesperum
671 1951 814 2018 osticium
837 1959 1037 2018 mortuorum
1067 1971 1129 2017 nec
1153 1957 1305 2035 canatur,
1330 1949 1388 2018 sed
1418 1956 1453 2019 et
1482 1957 1558 2036 post

373 2057 619 2145 completorium
643 2059 771 2127 cortina
793 2057 954 2141 tollenda,
985 2079 1071 2144 quae
1101 2058 1189 2125 inter
1219 2057 1356 2124 chorum
1386 2064 1421 2124 et
1450 2057 1557 2124 altare

374 2164 581 2252 pependebat
604 2164 719 2232 diebus
742 2164 1023 2250 quadragesimae.
1035 2164 1061 2249 ¹)

462 2270 498 2339 Si
522 2271 630 2359 aliqua
655 2271 815 2338 festivitas
839 2270 1032 2338 Sanctorum
1056 2271 1213 2354 evenerit,
1237 2293 1278 2339 ex
1300 2270 1377 2338 hinc
1392 2291 1495 2359 usque
1511 2270 1555 2337 ad

374 2379 486 2447 leriam
503 2379 649 2464 quintam
665 2378 697 2444 ia
715 2376 799 2444 albis
815 2377 965 2444 Paschae
980 2377 1274 2464 praetermittatur,
1294 2385 1328 2444 et
1343 2376 1554 2464 postmodum

373 2484 586 2553 caelebratur.

461 2591 556 2662 LIV.
579 2589 693 2658 Coena
711 2589 832 2658 (lanuini
848 2591 962 2677 quinta
973 2589 1067 2675 teria,
1079 2598 1157 2658 ante
1168 2589 1358 2658 Nocturnas
1370 2589 1555 2679 quindecim

374 2701 406 2765 in
438 2700 656 2768 instmmento
685 2699 858 2783 lignorum,
882 2706 960 2765 ante
987 2699 1094 2783 majus
1118 2699 1225 2766 altare
1247 2698 1381 2766 XXX·
1410 2699 1477 2766 sint
1501 2718 1556 2766 ac·

373 2827 490 2873 censae
512 2805 669 2873 candelae
685 2812 765 2892 quot
781 2805 897 2890 psalmi
912 2805 998 2872 suad
1013 2805 1211 2892 imponendi.
1241 2805 1289 2872 Et
1310 2805 1557 2874 remanentibus

374 2914 508 2998 triginta
531 2911 677 2998 psalmis,
692 2919 777 2978 aute
792 2919 969 2979 nocturnas
993 2912 1124 2979 dicatur
1145 2912 1331 2998 quindecim
1348 2913 1409 2980 sub
1424 2913 1555 2981 silentio

373 3027 448 3105 post
482 3026 593 3087 tomas
624 3019 789 3086 orationes
828 3017 927 3089 lacta.
980 3017 1081 3104 Signa
1107 3026 1203 3086 sonet
1237 3020 1435 3087 secretarius
1470 3020 1556 3089 sicut

373 3126 489 3193 solitus
512 3132 572 3193 est
619 3125 747 3213 Quibus
771 3125 867 3193 dictis
890 3126 1083 3193 sonantibus
1108 3126 1220 3212 sigma,
1243 3133 1419 3214 postquam
1443 3126 1555 3195 dimis-

373 3234 417 3300 sis
440 3232 562 3300 tuerint
584 3232 857 3300 aebdomadan‘us
880 3233 1015 3320 incipiat
1044 3234 1275 3321 antiphonam,
1306 3236 1408 3303 Zelus
1438 3238 1556 3304 domus
1585 3264 1588 3273 ·

373 3354 457 3407 taae.
504 3340 551 3407 Et
573 3340 684 3406 statim
700 3342 911 3426 extinguatur
933 3362 1000 3407 uua
1023 3341 1164 3408 candela
1186 3341 1274 3425 hinc,
1299 3341 1366 3409 alia
1389 3341 1477 3425 inde,
1493 3343 1556 3410 sie·

373 3469 436 3533 que
458 3448 518 3514 liat
539 3446 690 3514 omnibus
712 3447 846 3532 psalmis
868 3446 1111 3533 incipientibus

461 3553 519 3620 Ad
542 3553 731 3639 obsequium
758 3576 899 3641 namque
926 3556 1034 3641 ipsum
1056 3554 1251 3623 matutinale
1281 3555 1349 3621 sire
1371 3578 1432 3641 per
1455 3557 1556 3646 boras

373 3660 437 3727 diei
461 3660 724 3747 antiphonarum,
752 3684 834 3747 quas
857 3660 971 3729 dicunt
994 3660 1176 3743 adfinem,
1202 3668 1316 3729 tonum
1340 3684 1407 3729 non
1430 3662 1556 3732 iaciant

373 3766 645 3853 ‹puemadrnodum
668 3767 755 3834 soliti
775 3775 860 3835 sunt.
896 3767 1046 3835 Infantes
1069 3770 1284 3856 pronuntient
1303 3767 1460 3854 psalmos,
1484 3768 1556 3837 sine

373 3873 599 3941 benedictione
614 3873 771 3942 lectiones
786 3873 983 3962 incipiantur
999 3882 1032 3942 et
1046 3883 1153 3942 metro
1167 3874 1219 3942 rel
1230 3873 1372 3941 melodia
1387 3874 1554 3945 liniantur.

373 3980 483 4048 Prima
511 3968 578 4048 tres
610 3980 766 4049 lectiones
796 3981 838 4049 de
866 3981 1156 4049 lamentationibus
1186 3980 1362 4049 hieremiae
1383 3980 1554 4067 legantur:

271 4097 316 4127 ··
374 4090 420 4154 Et
439 4092 576 4174 sactum
610 4100 661 4155 ast
681 4103 855 4177 postquam
889 4093 926 4156 ia
957 4091 1151 4175 captivitate
1172 4093 1290 4158 ductus
1323 4101 1374 4156 est
1406 4091 1557 4157 Isr'ael(‘)

300 4169 330 4196 ω’
374 4192 462 4279 aliud
477 4215 537 4260 nos
553 4193 703 4279 legantur
714 4196 785 4261 sine
804 4201 903 4261 cantu
925 4195 1020 4262 sicuti
1038 4196 1124 4263 aliae
1138 4196 1308 4264 lectiones.
1339 4192 1470 4262 Deinde
1485 4200 1556 4263 tres

374 4299 460 4366 aliua
475 4299 517 4366 de
540 4322 687 4367 semrone
702 4303 808 4368 sancti
825 4302 990 4387 arigustini
1006 4324 1106 4388 super
1117 4303 1291 4389 psalmum,
1309 4304 1452 4371 Exaudi
1460 4306 1555 4370 Deris

373 4411 552 4474 orationem
569 4432 641 4475 cam
657 4412 824 4494 adprecor.
835 4408 861 4494 ¹)
867 4410 902 4458 ‘¹¹'
932 4409 1056 4476 Postea
1070 4409 1112 4475 (le
1129 4408 1282 4495 Epistola
1304 4407 1349 4477 ad
1364 4407 1555 4477 Corinthios

373 4560 585 4573 -ι-ο-ισ-αι,

464 4636 618 4706 ,Μ
