3792 5375
844 558 1089 621 -124-

373 772 544 838 vesperam
574 750 801 817 accendantur
829 749 1000 816 duodecim
1030 746 1188 813 candelae
1221 752 1298 813 ante
1328 766 1438 830 aram,
1468 754 1556 814 retro

373 856 497 925 decem.
542 857 756 942 Antiphone,
789 862 826 924 ln
856 862 992 925 castrilio
1008 858 1179 944 justarum
1210 861 1244 920 et
1274 852 1357 920 aliae
1380 853 1465 920 sicut
1486 874 1557 921 mos

373 971 424 1031 est
453 963 562 1030 (licere
598 965 632 1030 in
663 964 837 1030 cotidianis
867 963 992 1033 diebus.
1046 959 1320 1045 Responsorium,
1357 963 1476 1029 Sarrae
1507 963 1559 1028 tui

218 1117 224 1128 .
239 1089 279 1129 rav
372 1076 502 1139 daritim
514 1073 705 1139 benedicent
718 1087 759 1137 tr.
786 1070 925 1150 Υιιιηιιε,
937 1072 1067 1137 Clerr'str
1076 1081 1274 1136 sanctarum.
1288 1066 1315 1156 ][
1330 1067 1556 1153 Antiphonem

373 1183 467 1243 terna
491 1178 560 1243 vice
584 1185 747 1262 repetant.
793 1175 920 1258 Oratio,
947 1177 1155 1262 Omm'pcfrns
1177 1178 1373 1260 sempiterne
1394 1179 1485 1243 deus.
1520 1171 1556 1242 Si

372 1284 414 1350 de
444 1285 553 1369 aliquo
584 1293 714 1351 sancto·
731 1286 841 1369 agitur
867 1284 899 1349 iu
930 1284 1092 1363 crastino,
1121 1289 1201 1347 tuuc
1224 1280 1355 1348 dicatur
1376 1281 1557 1367 antiphona

371 1413 445 1457 cum
467 1389 584 1458 Gloria
608 1399 641 1457 et
664 1393 771 1457 oratio
795 1393 827 1456 iu
852 1400 930 1457 tono
953 1390 1037 1457 sieut
1060 1409 1129 1453 mos
1151 1396 1212 1469 est,
1236 1386 1354 1454 deinde
1377 1389 1557 1474 antiphona

372 1498 414 1565 de
436 1497 561 1576 Cruce,
586 1507 703 1583 postea
726 1498 844 1583 psalmi
867 1520 928 1583 piro
952 1496 1115 1563 defunctis
1138 1501 1172 1561 et
1194 1503 1271 1560 tunc
1295 1494 1427 1581 pulsent
1448 1497 1557 1562 omnia

372 1606 473 1689 signa.
521 1602 688 1671 Dicuntur
710 1627 844 1689 vespere
868 1611 1069 1671 mortuorum
1092 1623 1166 1668 cum
1190 1602 1392 1687 antiphonis:
1423 1623 1500 1669 nam
1523 1610 1557 1670 et

371 1711 404 1776 iu
433 1710 496 1776 boc
526 1710 581 1775 die
612 1711 800 1777 festivitatis
830 1718 904 1796 post
935 1709 1113 1797 capitulum
1140 1708 1286 1776 damnus
1309 1716 1343 1775 et
1366 1709 1557 1776 cellerarius

370 1817 582 1883 refectionem
598 1817 747 1883 triturant
762 1817 913 1884 omnibus
929 1814 1232 1904 supervenientibus
1248 1816 1457 1903 pauperibus,
1473 1818 1558 1884 sicut

373 1947 442 1990 mos
476 1931 527 1990 est
560 1946 660 2009 agere
694 1926 728 1991 iu
757 1946 838 1991 cena
867 1924 1008 2007 domini3
1043 1931 1077 1990 et
1110 1921 1264 2010 quiequid
1298 1924 1372 2008 ipsa
1401 1921 1453 1990 die
1482 1932 1557 2010 pust

371 2032 510 2098 sinaxim
540 2019 676 2117 vespere
700 2031 741 2097 de
764 2031 941 2099 refectione
965 2052 1066 2098 cenae
1088 2030 1228 2097 fratrum
1252 2032 1463 2114 remanserit,
1493 2031 1556 2099 ele·

372 2139 576 2225 mosynarius
599 2139 752 2225 accipiat.
1394 2150 1400 2162 '

461 2245 685 2312 constitutum
715 2253 767 2313 est
796 2267 862 2312 una
892 2268 964 2313 cum
1000 2267 1159 2313 consensa
1195 2253 1228 2311 et
1263 2253 1380 2332 rogatu
1414 2247 1557 2313 omnium

371 2352 535 2420 seniorum
558 2350 773 2420 Cluuensium
802 2352 1044 2436 urouaclrorum,
1076 2359 1113 2419 ut
1142 2353 1226 2419 siem
1250 2353 1283 2419 in
1305 2352 1471 2421 aecclesiis
1493 2353 1557 2435 dei,

372 2481 459 2545 quae
487 2481 548 2546 per
576 2460 690 2527 orbem
721 2467 882 2526 terrarum
913 2462 1009 2547 louge
1034 2458 1166 2546 lateque
1189 2465 1377 2527 constructe
1400 2466 1494 2545 suut,
1524 2461 1557 2528 in

372 2565 425 2633 die
437 2565 667 2634 Kalendarum
677 2567 898 2634 novembrium
911 2569 1021 2653 agitur
1031 2566 1192 2634 festivitas
1203 2567 1346 2633 omnium
1358 2574 1557 2654 sanctorum,

372 2673 422 2741 ita
455 2672 546 2762 apud
580 2696 641 2741 uos
676 2683 796 2761 agatur
829 2674 946 2743 festivo
981 2697 1070 2742 more
1109 2674 1374 2744 commemoratio
1412 2674 1557 2744 fidelium

373 2780 603 2848 defunctorum
633 2781 693 2848 tali
726 2781 839 2849 titudo:
874 2785 908 2851 in
937 2784 1099 2866 erastino,
1129 2781 1228 2849 etiam
1251 2782 1279 2848 si
1302 2779 1374 2849 dies
1396 2782 1559 2851 dominica

374 2887 471 2955 fuerit
500 2889 553 2956 vel
582 2888 626 2956 de
652 2889 763 2976 aliquo
792 2899 907 2958 sancto
943 2889 1117 2958 duodecim
1142 2888 1301 2957 lectiones
1330 2888 1485 2971 fecerint,
1515 2891 1558 2958 sit

374 3002 485 3062 tamen
514 3018 608 3078 mox,
639 3004 675 3062 ut
705 2996 860 3081 suffragia
889 3004 1078 3063 sanctorum
1108 2994 1240 3082 expleta
1262 2995 1398 3081 fuerint,
1427 2990 1571 3085 pulsent

375 3102 485 3168 omnia
507 3103 612 3187 signa,
634 3110 668 3169 et
685 3110 785 3188 agant
801 3103 944 3170 officium
962 3110 1164 3171 mortuorum
1180 3109 1214 3169 et
1227 3104 1388 3170 matutine
1402 3104 1558 3191 ipsorum,

374 3215 409 3275 et
423 3208 648 3275 accendantur
663 3208 835 3276 detulerim
851 3211 935 3277 cerei
952 3218 1029 3277 ante
1048 3231 1150 3292 aram,
1170 3216 1259 3275 retro
1274 3208 1398 3277 decem.
1432 3209 1559 3297 Quibus

374 3317 500 3382 exactis
532 3326 610 3383 eant
646 3316 678 3382 in
714 3315 814 3382 alium
848 3318 982 3384 eborum
1016 3326 1048 3384 et
1079 3315 1192 3383 dicant
1214 3317 1394 3383 matutinas
1416 3317 1559 3385 omnium

374 3429 574 3505 sanctorum,
598 3430 631 3489 et
656 3445 713 3489 sex
736 3423 879 3509 psalmos
901 3446 962 3511 pro
985 3422 1157 3491 defunctis.
1193 3421 1252 3490 Ad
1273 3424 1407 3491 missam
1429 3425 1559 3491 matuti-

374 3529 481 3596 nalem
498 3530 726 3597 sccendautnr
741 3530 911 3597 duodecim
927 3531 1087 3598 candelae
1098 3537 1179 3597 ante
1195 3529 1310 3612 altare,
1326 3538 1415 3597 retro
1431 3529 1558 3598 decem:

374 3657 458 3703 unua
487 3658 570 3723 puer
602 3638 646 3703 sit
676 3638 710 3703 in
740 3637 840 3703 choro
870 3659 943 3705 eum
974 3658 1097 3722 eappa,
1128 3644 1161 3704 et
1190 3635 1275 3703 alius
1304 3637 1338 3704 in
1368 3636 1482 3704 casula
1504 3639 1560 3726 qui

374 3743 547 3829 epistolam
571 3743 728 3828 proferat,
753 3751 787 3811 et
810 3744 876 3811 duo
900 3744 955 3811 alii
979 3745 1012 3812 in
1030 3743 1124 3829 albis,
1149 3742 1302 3829 aquibus
1317 3744 1559 3830 responsorium
1669 3754 1672 3759 '

375 3848 579 3934 decantetur,
604 3854 646 3916 Si
658 3853 825 3918 atrebatium
848 3857 883 3919 ia
907 3857 1031 3930 ηιιιιίὀς
1055 3858 1089 3916 et
1110 3849 1176 3916 (lue
1199 3847 1321 3917 fratres
1343 3857 1484 3918 tractum
1508 3854 1561 3919 Dc

369 3960 566 4041 profundas,
598 3957 749 4024 similiter
771 3957 854 4024 albis
877 3958 982 4025 induti
1005 3959 1072 4024 sint
1094 3964 1127 4023 et
1150 3963 1219 4022 tres
1241 3957 1400 4042 conversi,
1423 3978 1559 4044 quorum

255 4114 257 4116 .
375 4061 440 4128 duo
470 4061 621 4129 deferant
653 4064 870 4146 caudelabra,
905 4066 1022 4132 tertius
1052 4062 1248 4146 turibulum,
1279 4070 1312 4130 et
1342 4072 1421 4131 tunc
1450 4065 1562 4131 omnia

375 4169 469 4253 signa
490 4169 674 4254 pvdsentur.
721 4169 932 4238 Offerendaru
957 4192 1069 4239 omnes
1091 4170 1227 4254 faciant,
1255 4178 1287 4237 et
1310 4170 1372 4237 hau
1395 4171 1561 4238 orationes

375 4274 466 4340 dicat
495 4275 662 4356 sacerdos,
694 4281 858 4347 fidelium
883 4283 977 4346 Deus
999 4283 1154 4359 cetrarium,
1183 4276 1364 4363 adjungens
1386 4298 1446 4364 pro
1469 4278 1561 4344 anni·

375 4381 538 4466 versatim,
563 4385 709 4451 Praesta
734 4408 932 4472 qrrrrrsumus
946 4389 1077 4453 doctrine
1091 4391 1125 4451 et
1140 4382 1209 4451 fiat
1241 4381 1365 4451 Omnes
1374 4383 1400 4470 ¹)
1421 4382 1561 4470 denique

376 4487 565 4556 sacerdotes
600 4490 674 4575 ipse
708 4489 762 4557 die
788 4492 939 4576 privatim
969 4492 1086 4558 arsisses
1120 4490 1331 4558 caelaebrent
1357 4511 1417 4578 pro
1449 4490 1561 4576 requie

375 4634 590 4644 —·——--....-.

468 4719 488 4788 Ι)
505 4719 613 4776 l'ertu:
634 4722 761 4785 ‚emaes“
780 4737 866 4792 usque
886 4722 1049 4795 „privatlnf‘
1069 4722 1098 4779 lu
1115 4737 1221 4780 ruera.
