3792 5375
772 614 1018 676 -tst-

308 803 469 889 aliquibus
498 826 537 870 ex
568 805 648 890 ipsis
678 802 850 885 iratribus,
883 804 916 869 in
947 803 1112 890 proprium
1143 800 1371 888 deputabitur,
1395 810 1429 869 et
1453 802 1485 868 in

308 933 425 997 lienam
460 913 632 996 mergitur,
663 912 745 976 sicut
777 932 816 977 ex
847 911 1046 977 monasterio
1079 908 1168 976 beati
1203 910 1343 996 gregorii
1378 930 1486 996 papae

308 1019 443 1102 contigit
474 1017 515 1085 de
538 1019 628 1104 justo
658 1016 836 1099 monetcho,
867 1026 965 1083 etex
994 1015 1105 1083 multis
1135 1016 1208 1082 aliis
1231 1014 1397 1084 coenobiis
1414 1016 1484 1102 jam

308 1126 432 1210 experti
456 1147 575 1192 suurua
621 1123 663 1191 In
694 1125 833 1208 coquina
868 1122 1020 1208 regulare
1050 1124 1117 1190 sire
1147 1121 1319 1205 familiare,
1353 1132 1488 1210 praeter

310 1231 431 1298 bancos
446 1241 477 1298 et
495 1231 693 1312 scutellulas,
713 1232 823 1298 omnia
839 1231 992 1297 utensilia
1007 1233 1074 1296 sive
1088 1228 1234 1318 cambd)
1248 1238 1488 1316 praeparentur

309 1337 351 1404 ab
375 1340 455 1424 ipso,
478 1359 563 1424 tpme
585 1337 705 1404 dentur
727 1358 749 1404 a
771 1336 944 1404 cellarario
968 1346 1000 1403 et
1024 1337 1223 1424 praeposito.

538 1537 593 1613 lle
624 1537 737 1612 irater
765 1562 876 1636 super
904 1535 1034 1612 horren
1062 1536 1265 1615 constituto.

398 1711 565 1780 XLVIII.
592 1711 712 1777 Frater
730 1713 784 1798 qui
798 1735 896 1799 super
906 1734 1004 1779 orrea
1014 1713 1211 1779 constitutus
1223 1721 1272 1779 est
1286 1711 1331 1779 ad
1342 1711 1488 1779 solamen

309 1819 481 1902 cellararii,
494 1819 554 1885 hoc
567 1818 686 1887 cotidie
699 1839 851 1886 exercere
863 1818 977 1886 debet:
993 1817 1081 1904 quod
1092 1820 1163 1905 ipse
1174 1840 1314 1905 namque
1324 1817 1489 1885 iruruenta

310 1927 409 1993 dandi
424 1935 523 2011 utque
538 1925 746 2012 recolligendi
764 1925 824 1992 sub
841 1947 939 1993 manu
956 1947 1017 1993 sua
1030 1924 1163 2009 babeat,
1180 1933 1213 1993 et
1227 1924 1270 1992 de
1284 1925 1356 2012 ipso
1371 1922 1489 1994 horreo

309 2034 431 2100 clarem
455 2042 575 2111 teneat,
600 2043 631 2100 et
655 2033 808 2119 quiequid
833 2032 876 2100 ad
897 2043 1002 2099 artem
1019 2033 1188 2119 pistoriam
1203 2032 1355 2119 pertinet,
1379 2033 1489 2100 omnia

310 2141 476 2226 procurari
499 2138 641 2207 studeat.
687 2138 728 2205 In
751 2140 954 2226 prourtunrio
976 2161 1117 2227 namque
1139 2138 1260 2206 babeat
1281 2138 1389 2207 locum
1412 2158 1490 2207 oon·

310 2249 456 2314 stitutum
485 2246 539 2313 ubi
563 2268 665 2333 panes
689 2246 852 2314 eoetduuet
877 2246 938 2315 sub
961 2245 1140 2332 serracula,
1163 2247 1198 2313 in
1219 2244 1392 2313 refectorio
1415 2266 1490 2331 por·

310 2354 442 2420 tandum
477 2375 537 2439 per
570 2373 605 2418 se
639 2353 691 2420 rel
725 2352 993 2420 subsumrnissaut
1026 2374 1201 2440 personam
1230 2352 1371 2420 decretis
1400 2351 1490 2419 boris

307 2463 401 2547 juxta
417 2482 611 2540 mensuram,
633 2460 722 2545 tpttod
738 2461 778 2550 (l)
795 2461 914 2528 iratres
930 2469 1017 2529 sunt.
1052 2462 1105 2527 Ex
1120 2460 1177 2527 illo
1192 2458 1280 2547 quod
1295 2459 1489 2527 remanserit

310 2591 350 2634 ex
372 2568 558 2647 relectione,
581 2576 714 2653 praeter
736 2568 794 2634 illa
816 2578 943 2634 tantmu
968 2577 1118 2654 tempora
1135 2589 1221 2653 quae
1235 2565 1490 2653 elemosynarius

311 2677 451 2761 recipere
467 2673 575 2758 debet,
598 2677 708 2743 onmia
725 2675 792 2743 alia
807 2675 868 2743 sub
884 2697 945 2742 sua
961 2674 1166 2763 providentia
1181 2673 1274 2745 fiant.
1303 2672 1490 2757 Putmsntr,

311 2804 394 2867 quae
417 2803 438 2848 a
460 2782 671 2849 servitoribus
703 2784 933 2865 remanserint,
964 2784 1103 2868 recipiet
1128 2790 1265 2870 propter
1293 2779 1435 2849 famulos
1458 2781 1491 2847 in

311 2890 418 2968 serias,
442 2910 525 2974 quae
549 2889 592 2955 ad
616 2912 651 2955 se
675 2891 839 2974 pertinent
856 2891 1042 2957 constitutis·
1063 2887 1275 2975 temporibus.
1312 2886 1391 2976 Ipse
1414 2910 1492 2956 vero

311 3008 497 3062 cunctorum
514 2996 771 3076 adventantium,
788 2998 855 3064 sive
871 2998 905 3063 in
920 2997 1000 3083 ipsis
1015 2996 1095 3063 lucis
1112 2997 1307 3063 morantium
1323 2993 1492 3062 famuliari-

311 3104 406 3193 bus][
418 3105 608 3190 dispensare
623 3102 719 3172 debet
733 3126 793 3190 per
808 3106 1019 3191 semetipsum
1034 3102 1269 3171 tandummodo
1284 3124 1325 3169 ex
1339 3099 1491 3189 panibus.

312 3211 364 3277 De
387 3214 574 3279 stramentis
598 3213 744 3298 ipsorum
768 3210 975 3295 animalium,
1002 3232 1076 3277 curu
1099 3209 1217 3297 quibus
1240 3208 1397 3280 alimenta
1418 3230 1492 3275 ooa-
1604 3281 1610 3288 ,

311 3319 491 3399 (turpantur,
522 3321 591 3404 ipse
621 3340 733 3385 curram
765 3317 881 3400 saciat,
905 3339 947 3384 ne
971 3316 1185 3403 neglegantur
1207 3336 1228 3383 a
1250 3315 1393 3383 tantulis.
1439 3315 1492 3384 De

312 3428 508 3492 vestimentis
534 3426 717 3491 restitutoriis
741 3425 879 3491 fratrum
903 3423 1108 3505 adveniente,
1132 3423 1214 3490 seria
1238 3424 1348 3508 tertia,
1370 3419 1491 3489 lrabeat

311 3533 375 3599 duo
398 3533 603 3617 marsuppia,
633 3531 816 3598 senioribus
840 3530 1003 3597 stantibus
1033 3530 1078 3598 ad
1100 3529 1327 3596 matutinalem
1358 3530 1490 3596 missam

313 3640 419 3705 reniat
453 3641 523 3724 ipse
557 3661 630 3704 cum
664 3638 863 3705 ablutatorio
897 3637 1093 3704 famulorum
1124 3636 1167 3703 ad
1196 3635 1403 3723 deportanda
1426 3634 1492 3717 illa,

312 3747 426 3833 quibus
456 3767 566 3812 amires
597 3745 733 3828 t‘rutres,
771 3747 960 3832 priusquam
992 3745 1117 3831 signum
1152 3743 1253 3811 borae
1286 3744 1412 3831 primae
1441 3741 1491 3809 rel

312 3855 427 3920 tertiae
450 3851 514 3917 illis
535 3852 746 3938 temporibus,
769 3873 855 3937 (puae
877 3852 1073 3918 conveniunt
1089 3873 1192 3936 usque
1207 3849 1283 3917 dum
1298 3847 1493 3918 lectionibus

311 3968 478 4039 radantur,
502 3970 679 4040 exuantur,
709 3969 744 4024 ut
769 3981 842 4026 curu
866 3960 994 4043 signum
1016 3957 1194 4045 pulsaverit
1216 3958 1327 4045 posita
1348 3955 1493 4024 babeant

312 4068 345 4132 in
374 4065 479 4132 locum
510 4067 733 4133 constitutum.
790 4063 942 4131 Infantes
977 4073 1088 4131 antem
1120 4065 1269 4131 similiter
1298 4062 1421 4131 faciant
1450 4060 1494 4130 de

313 4175 510 4239 uestimentis
534 4174 616 4252 suis,
649 4183 682 4239 ut
707 4172 840 4257 putando
863 4180 941 4238 ante
964 4173 1102 4258 primum
1127 4178 1247 4237 exuunt
1270 4168 1493 4252 noctemales,

312 4291 388 4345 tuuc
412 4278 561 4346 deserant
587 4279 662 4362 illa,
692 4288 725 4346 et
749 4279 782 4344 in
806 4299 886 4344 arca
909 4279 1052 4345 mittunt.
1097 4277 1170 4344 Illis
1193 4297 1269 4343 vero
1291 4274 1494 4362 temporibus·

312 4384 442 4472 quaudo
471 4385 514 4452 ad
544 4387 676 4452 tertiam
707 4386 885 4451 insonuerit
910 4379 1046 4469 squilla,
1069 4393 1184 4450 euntes
1206 4383 1334 4469 pariter
1355 4381 1493 4448 induant

312 4491 433 4576 caligis,
457 4503 489 4557 et
506 4493 552 4558 sic
568 4490 699 4558 demtum
715 4492 909 4557 vestimenta
924 4489 1099 4577 deportent
1123 4488 1168 4556 ad
1189 4488 1327 4574 gradum
1350 4496 1493 4573 tonoque

312 4609 448 4685 pergant
470 4620 646 4682 secessum,
669 4608 703 4665 et
726 4598 759 4664 in
782 4597 951 4665 redeundo
974 4597 1029 4664 illa
1059 4605 1189 4663 sumant
1216 4603 1317 4680 atque
1340 4595 1374 4661 in
1396 4614 1494 4661 arcas

402 4777 423 4849 ¹)
441 4777 473 4834 ln
492 4781 571 4833 textu
588 4775 708 4848 legitur:
725 4773 849 4831 caoaatii.
