3792 5375
866 624 1112 689 -198-

395 818 451 903 qui
474 838 573 902 super
596 817 683 902 ipsos
708 826 903 903 procurator
924 825 986 886 est.
1024 816 1113 883 Dum
1137 816 1278 884 uiderint
1299 838 1373 883 eum
1389 817 1460 904 jam
1475 838 1577 904 prope

395 925 518 990 exitum
549 945 640 1003 esse,
670 924 777 990 levent
808 947 881 990 eum
912 923 954 991 de
984 931 1092 990 stratu
1122 925 1155 990 iu
1179 945 1245 1010 quo
1262 924 1371 1009 jacet,
1401 930 1435 992 et
1457 921 1577 991 abeant

396 1039 585 1115 coaptatum
615 1039 714 1096 autea
743 1031 776 1096 in
808 1053 883 1095 unio
913 1030 1033 1098 lectum
1057 1039 1091 1098 et
1114 1033 1255 1117 positum
1279 1052 1393 1116 sagum
1415 1029 1577 1097 cilicinum

395 1148 428 1229 pt
463 1137 544 1203 cinis
578 1135 719 1223 desuper
752 1138 854 1203 missa
887 1137 939 1206 sit
993 1136 1087 1204 Tunc
1120 1137 1286 1223 accipiant
1318 1159 1431 1221 epum
1463 1143 1499 1204 et
1530 1135 1578 1203 rui

395 1243 557 1311 collocent
586 1256 683 1331 prout
713 1243 830 1311 melius
860 1245 1045 1329 potuerint:
1079 1242 1167 1330 Quia
1195 1243 1280 1311 filine
1314 1234 1482 1310 christini
1511 1264 1575 1310 nou

395 1350 492 1418 debet
522 1351 662 1436 migrare
692 1352 754 1418 uisi
784 1352 819 1418 in
849 1352 956 1417 cinere
985 1361 1019 1418 ct
1049 1351 1171 1435 cilicio,
1201 1351 1286 1418 sicut
1310 1350 1382 1439 jam
1411 1351 1445 1417 in
1467 1349 1576 1417 multis

395 1457 579 1543 exemplits)
602 1469 789 1524 sauctorum
813 1458 939 1543 experti
963 1457 1124 1544 sumus¹).

484 1563 569 1632 Cum
595 1587 672 1632 uero
689 1566 761 1652 jam
785 1564 895 1631 anima
918 1585 936 1630 e
959 1587 1096 1650 corpiore
1118 1565 1204 1632 viam
1226 1565 1376 1632 universe
1398 1563 1506 1631 carnis
1527 1564 1576 1631 iu·

394 1671 551 1758 graditur,
586 1679 620 1739 et
654 1673 809 1739 extremis
844 1673 926 1739 sicut
960 1672 1160 1740 consuetudo
1194 1682 1245 1740 est
1279 1670 1392 1739 tabula
1421 1658 1576 1754 sonuerit

395 1799 597 1866 quocumque
626 1780 772 1845 locorum
804 1778 924 1845 iratres
946 1777 1122 1862 audierint,
1146 1780 1257 1847 statim
1279 1777 1401 1847 (labent
1423 1777 1575 1865 incipere,

397 1887 503 1953 Credo
532 1891 567 1953 iu
590 1911 690 1953 urrann
713 1889 841 1965 Dentri,
871 1896 904 1952 et
925 1885 1005 1953 illuc
1027 1907 1102 1953 curn
1125 1887 1214 1954 omni
1236 1884 1445 1952 festinatione
1467 1884 1576 1952 venire

392 1993 461 2079 ¹sive
484 1994 517 2058 in
541 1990 742 2076 donnitorio‚
767 1992 890 2060 sivein
913 1991 1086 2059 refectorio
1109 1993 1238 2060 luerint.
1273 1990 1309 2060 Si
1326 2014 1402 2059 soro
1416 1990 1576 2077 romularis

393 2100 477 2167 hora
493 2101 564 2185 jam
588 2110 742 2166 cantatur
763 2102 797 2166 in
821 2100 998 2184 aeeclesia,
1029 2122 1111 2186 qnos
1134 2100 1272 2167 domnus
1295 2098 1416 2183 abbas,
1446 2097 1497 2166 vol
1519 2099 1576 2185 qni

393 2207 541 2275 ordinem
571 2216 662 2273 tenet
691 2207 767 2273 illuc
797 2209 845 2273 ire
862 2208 1015 2291 jusserit,
1045 2206 1092 2273 illi
1115 2208 1264 2289 ueniant3
1294 2206 1410 2293 reliqui
1432 2227 1506 2273 curu
1528 2205 1576 2272 iu·

393 2314 539 2382 lantibus
582 2316 616 2381 in
659 2315 778 2397 choro,
823 2313 928 2382 donec
965 2322 1207 2381 consummetur
1241 2313 1324 2381 illud
1361 2313 1576 2380 ministerium

391 2423 630 2507 remaneant¹).
663 2420 699 2489 Si
715 2444 791 2489 uero
809 2423 841 2489 in
856 2422 1030 2489 refectorio
1042 2421 1164 2488 luerint
1175 2441 1287 2488 omues
1297 2421 1423 2507 pariter
1433 2420 1574 2490 semme

392 2526 556 2595 Omnibus
586 2538 696 2595 autem
719 2528 796 2595 illuc
819 2528 1023 2595 uenientibus
1046 2550 1120 2594 cum
1142 2528 1271 2595 nicaeni
1293 2526 1410 2614 synodi
1431 2524 1511 2610 fide,
1539 2525 1575 2595 id

392 2642 459 2716 est,
496 2637 602 2703 Credo
635 2642 669 2704 in
705 2661 805 2704 ursum
836 2639 962 2720 Deum,
996 2635 1042 2702 ibi
1075 2636 1202 2722 pariter
1234 2634 1403 2703 constituti
1435 2632 1576 2703 fideliter

392 2742 658 2810 decantaverint:
684 2745 711 2809 si
726 2743 836 2810 adhuc
851 2743 1067 2829 supervixerit
1081 2742 1272 2828 psalterium
1287 2743 1455 2829 incipiant,
1470 2740 1575 2810 donoc

391 2850 502 2916 anima
525 2850 566 2917 de
589 2871 726 2935 corpore
749 2849 849 2917 suerit
870 2858 1036 2936 separata.
1070 2847 1165 2916 Tunc
1187 2849 1282 2916 simul
1296 2850 1390 2935 sigua
1402 2847 1576 2936 pulsentur

392 2965 427 3023 et
455 2958 594 3024 officinm
617 2965 820 3024 mortuorum
844 2964 979 3041 agatur,
1009 2964 1086 3043 post
1106 2956 1247 3024 officinm
1269 2955 1383 3024 dicant
1404 2977 1574 3044 vesperum

392 3073 426 3131 et
448 3065 593 3150 quinque
616 3064 770 3150 psalmos.
818 3062 903 3132 Cum
926 3066 1053 3146 omnia,
1084 3084 1170 3151 quae
1192 3063 1236 3131 ad
1257 3062 1434 3131 lavandum
1456 3084 1574 3151 corpus

391 3171 579 3238 necessaria
609 3178 701 3254 sunt,
732 3181 993 3258 praeparantur,
1022 3171 1050 3261 ][
1079 3180 1159 3239 tunc
1187 3177 1381 3258 separentur
1408 3172 1444 3237 in
1473 3193 1573 3238 uuam

391 3285 520 3364 partem
543 3278 663 3345 iratres
687 3301 760 3345 euni
783 3277 966 3346 infantibus
988 3287 1122 3365 praeter
1143 3278 1228 3363 illos,
1251 3278 1307 3364 qui
1329 3298 1449 3365 corpus
1463 3277 1574 3345 lauare

391 3385 530 3469 debent,
559 3393 593 3453 et
622 3387 656 3452 in
687 3387 808 3454 feretro
837 3387 979 3457 mittere.
1024 3385 1109 3455 Cum
1138 3384 1238 3453 luerit
1264 3385 1411 3453 lavatum
1436 3383 1576 3453 induant

391 3494 422 3560 ei
451 3493 621 3576 staminia,
654 3492 730 3561 dein
753 3492 955 3578 sudarium')
978 3500 1012 3561 st
1034 3492 1180 3577 cuculla,
1209 3499 1243 3560 et
1264 3513 1364 3578 snper
1385 3513 1483 3559 crura
1505 3491 1574 3578 ejus

389 3600 570 3667 indnuntur
598 3601 832 3684 calciamenta,
862 3600 1033 3667 femoralia
1060 3601 1284 3686 nequicquam.
1330 3596 1475 3666 Brachia
1503 3598 1574 3687 ejus

391 3729 490 3797 super
518 3717 633 3795 pectus
663 3708 881 3787 collocentur,
911 3706 987 3774 dein
1016 3707 1152 3774 numum
1182 3713 1348 3774 sternatur
1376 3712 1411 3772 st
1439 3704 1573 3793 pallium

390 3823 606 3901 supponatur.
641 3812 752 3880 Debet
773 3813 818 3881 ibi
842 3835 913 3880 essa
937 3812 1090 3882 sacerdos
1114 3836 1189 3881 cnm
1211 3812 1297 3881 stola
1311 3813 1382 3879 sine
1397 3810 1483 3894 alba,
1507 3811 1574 3879 nno

390 3920 610 4002 candelabra,
641 3920 848 4006 crucifixum,
877 3919 1057 3988 turibulum
1085 3926 1186 4007 atque
1208 3941 1295 4006 aqua
1317 3926 1443 3987 meta.
1487 3917 1572 3986 Tam

390 4029 470 4115 ipsi,
500 4028 556 4113 qni
586 4026 648 4092 hoc
679 4025 819 4094 officium
848 4027 991 4108 faciunt,
1021 4047 1119 4113 quarn
1149 4026 1215 4109 illi,
1244 4027 1299 4112 qni
1329 4024 1443 4093 lauant
1463 4023 1572 4092 (licere

389 4133 529 4199 officium
552 4140 754 4201 mortuorum
777 4133 899 4201 debent
921 4134 967 4202 ibi
990 4133 1239 4216 mutationem,
1267 4136 1397 4201 Inclina
1421 4134 1572 4200 omae.

389 4238 447 4306 Ad
470 4260 623 4325 vesperas
647 4240 850 4308 solummodo
871 4238 953 4307 lraec
974 4241 1091 4324 oratio,
1116 4244 1261 4309 Praesta
1281 4242 1433 4310 Domine.
1464 4240 1572 4307 Versa

390 4369 463 4412 num
497 4346 647 4414 uidelicet
682 4349 825 4434 quinque
859 4347 1018 4434 psalmos,
1053 4347 1209 4431 collecta,
1243 4348 1387 4414 Absolve
1419 4345 1569 4413 Domue.

390 4450 487 4538 Quod
518 4454 546 4519 si
576 4454 716 4539 amplius
744 4454 975 4541 persteterint,
1004 4454 1176 4541 imponant
1205 4451 1265 4520 hos
1287 4451 1448 4539 psalmos,
1477 4453 1570 4519 Dens

391 4617 605 4626 ο-ο-ι--ιι-

479 4702 501 4771 ι)
519 4703 635 4760 Bm

478 4790 500 4860 'l
518 4793 551 4848 Iu
569 4799 649 4849 textu
669 4790 822 4860 „minitat

443 4879 625 4921 mansuem·
637 4879 786 4921 rrum
