3792 5375
776 550 999 608 „59-

294 735 417 808 Sacratis·
439 753 633 807 sanctiorem
657 743 747 806 dens.
793 738 862 805 Alii
887 740 1028 827 (leuique
1051 741 1158 807 sancti
1173 740 1272 807 senrel
1287 751 1482 827 pronascatur

294 849 337 912 ab
361 847 425 912 illis
450 846 589 914 duobus.
637 845 753 912 (florus
777 847 872 912 sirnud
895 847 1103 934 respondeat,
1127 848 1233 914 etita
1254 847 1481 917 concludatur.

295 953 381 1019 Natu
406 954 568 1019 inclinare
592 974 657 1018 non
680 977 715 1020 se
739 952 862 1020 debent
885 955 949 1019 nisi
973 953 1016 1020 ad
1039 954 1168 1020 illorum
1192 954 1327 1040 uomina
1352 963 1482 1024 sanem·

294 1082 541 1145 1·unr,quoraur
572 1060 729 1143 reliquiae
757 1059 829 1127 loco
859 1061 930 1146 ipso
959 1069 1172 1128 consecratae
1200 1069 1287 1129 sunt
1340 1061 1423 1129 Mox
1444 1069 1483 1130 ut

295 1168 384 1232 clieta
407 1166 584 1232 lrulaueriut
609 1168 673 1232 tria
697 1168 828 1232 ncsraina
845 1193 863 1233 e
883 1175 1072 1234 sacratarum
1095 1168 1312 1235 fruentiuarmn
1334 1167 1482 1254 collegio,

294 1275 484 1361 inponant:
519 1274 639 1339 (lintres
669 1277 779 1341 soracti
799 1278 996 1342 intercedite
1020 1290 1085 1361 pro
1114 1277 1215 1357 nobis,
1252 1275 1383 1343 duabus
1406 1275 1482 1342 vici·

294 1381 372 1462 lans,
402 1390 434 1446 et
472 1389 550 1445 tunc¹
576 1379 705 1461 dicant,
738 1384 879 1448 Intuenti
899 1386 990 1458 cleers,
1014 1383 1098 1448 sicut
1122 1381 1217 1447 initio
1240 1391 1482 1470 prompserunt,

295 1489 401 1554 tribus
436 1487 560 1553 vicibus
592 1484 826 1571 adjungentes,
856 1489 964 1574 Iu'yrie
981 1488 1008 1577 ][
1026 1493 1159 1570 eleison,
1192 1489 1324 1557 Carisa
1352 1492 1481 1557 eleison.

296 1600 413 1677 la'yric.
446 1593 594 1659 Notatae
611 1593 699 1679 quod
723 1617 797 1661 curu
820 1595 882 1661 hoc
906 1595 1029 1663 (lictatur
1053 1595 1161 1678 iuuerit,
1184 1595 1383 1663 inclinentur
1405 1605 1483 1664 ante

295 1714 328 1767 ct
354 1709 460 1780 retro,
486 1703 599 1785 sicque
623 1710 700 1767 cant
725 1702 941 1788 procedentes
969 1703 1002 1769 in
1026 1703 1230 1786 donnitorio,
1254 1703 1483 1790 accipiantque

296 1809 430 1893 caligas,
455 1817 489 1874 et
512 1808 624 1875 lassent
657 1809 758 1895 perles
788 1809 911 1894 snos.¹)
956 1808 1117 1896 cymbalo
1144 1832 1302 1896 puercusso
1331 1816 1411 1877 eant
1432 1831 1483 1878 re-

296 1916 469 1981 lectorium
495 1915 594 1982 edere
618 1938 746 2002 laaneru.
802 1915 896 1982 Tunc
920 1916 1042 1983 habere
1066 1916 1188 1984 debent
1211 1917 1364 2004 generale
1383 1916 1482 1985 ueluti

296 2046 366 2089 tuos
391 2035 439 2088 est
465 2024 582 2108 «puiuta
606 2025 698 2106 feria,
723 2023 916 2109 adjicientes
951 2024 1049 2091 erbas
1071 2024 1144 2093 loco
1167 2026 1359 2112 pietantiae.
1404 2025 1484 2092 Istis

295 2152 438 2216 sacrarique
467 2130 573 2196 tribus
605 2130 720 2196 diebus
752 2131 898 2217 sagimen
922 2131 1093 2200 comedere
1124 2116 1189 2199 non
1213 2131 1344 2204 debent.
1390 2131 1484 2201 Cari·

296 2247 399 2303 tatem
431 2237 574 2319 saciant,
611 2247 645 2303 et
680 2237 935 2323 elemosynan'us
969 2261 1089 2324 panem
1124 2247 1158 2305 et
1188 2239 1295 2306 sinum
1330 2240 1483 2327 accipiet,

295 2345 450 2431 ‹pricquid
475 2345 582 2411 tribas
611 2344 802 2411 hisdiebus
837 2346 1041 2415 remanserit.
1087 2344 1242 2413 Ossiciuru
1272 2355 1484 2428 mortuorum,

296 2452 384 2538 ‹puaod
417 2461 493 2537 post
532 2473 668 2518 coenant
707 2453 844 2537 privatis
877 2452 992 2519 diebus
1027 2454 1132 2520 solent
1172 2453 1299 2537 dicere,
1337 2461 1484 2540 praeter·

295 2561 441 2625 tuittaut.

387 2665 560 2733 LXVIII.
604 2666 724 2752 l'igilia
763 2667 966 2734 ascensionis
998 2667 1121 2735 clentini
1155 2667 1199 2735 ad
1236 2669 1376 2756 primam
1410 2675 1485 2755 post

295 2774 476 2840 laetaniam
505 2775 638 2841 dicatur
677 2774 879 2841 rarattttinalis
909 2778 1010 2843 missa
1040 2775 1082 2842 ad
1106 2778 1214 2863 ratajus
1237 2777 1343 2844 altare
1374 2771 1485 2863 dc'J'c·

292 2882 386 2967 junio
410 2882 578 2964 triduano,
596 2891 629 2949 et
645 2885 671 2948 si
689 2883 807 2969 aliquus
824 2893 958 2949 sanctus
975 2886 1046 2969 ipso
1062 2883 1115 2949 die
1130 2882 1239 2965 luent,
1263 2885 1486 2970 adjungantur

295 2992 367 3074 ejus
391 2990 561 3074 collectae,
587 2990 745 3074 arrajorcru
769 3012 897 3056 sacratu
921 3002 1021 3075 agant
1051 2990 1095 3056 ad
1119 2990 1307 3075 eccleciam,
1331 2989 1387 3059 uti
1410 3013 1484 3077 pro·

296 3098 419 3164 cessuri
432 3110 507 3164 suut
521 3121 596 3165 oum
614 3098 831 3184 processione,
846 3096 887 3162 de
904 3096 1026 3164 donnini
1043 3099 1244 3180 ascensione,
1268 3097 1484 3192 adjungentes

296 3215 425 3272 tantum
439 3206 637 3273 collaectarn
654 3216 855 3288 sanctorum,
874 3205 905 3270 in
922 3226 1060 3289 elatorum
1075 3203 1198 3273 honore
1213 3204 1352 3273 basilica
1371 3226 1484 3273 conse·

295 3322 387 3379 creta
404 3316 477 3397 erit,
502 3324 535 3379 et
553 3314 620 3379 alia
635 3336 694 3398 pro
711 3312 833 3399 populo
849 3311 989 3395 degente
1004 3311 1059 3394 ibi,
1078 3315 1283 3399 ineffabilem
1299 3314 1483 3381 inisericor-

295 3423 387 3488 diam
411 3436 514 3488 teratu.
552 3420 734 3505 Postquain
759 3419 880 3486 reuersi
909 3419 1040 3499 interint,
1063 3429 1097 3486 et
1129 3418 1294 3487 Lauterna
1319 3420 1354 3487 in
1385 3420 1484 3487 choro

295 3528 425 3614 explete
449 3536 608 3592 excuntes
635 3527 745 3593 lauerat
773 3526 877 3612 pedes
901 3549 977 3593 suos
1006 3533 1105 3612 atque
1135 3526 1282 3593 callient.
1335 3526 1484 3594 &nante

295 3645 408 3699 aunem
417 3633 568 3719 cunabala
579 3632 805 3700 coadunentur
820 3635 853 3699 in
867 3633 1041 3700 refectorio
1055 3632 1098 3699 ad
1111 3633 1284 3700 edendum.
1307 3631 1485 3701 Secretard

295 3741 460 3807 adornent
473 3740 678 3823 aecclesiam,
691 3742 883 3827 priusquam
896 3739 1178 3825 excant3ehorun1
1190 3738 1484 3826 etpraesbiterium

295 3871 369 3913 eum
386 3848 497 3933 palliis
522 3848 616 3915 denis
640 3857 674 3914 ct
696 3848 899 3914 circumdent
922 3869 984 3934 per
998 3847 1103 3931 girum
1120 3846 1254 3914 chonam
1277 3847 1484 3915 cumbanca·

295 3955 390 4020 libus.
432 3954 524 4021 Arate
549 3955 706 4022 fornicem
731 3961 888 4040 coaptent
918 3953 1054 4039 pallium
1081 3962 1207 4020 textum
1230 3976 1321 4035 auro,
1351 3953 1429 4021 hinc
1451 3961 1484 4020 et

296 4061 372 4127 inde
396 4062 527 4128 tuuicas
551 4073 689 4149 portant
721 4060 841 4127 Altare
869 4068 979 4126 textus
1002 4059 1143 4147 desuper
1166 4062 1325 4147 inponant
1340 4068 1376 4128 et
1391 4070 1484 4146 quat·

296 4182 371 4235 tuor
401 4168 534 4235 tabulas
565 4191 637 4235 cnm
669 4168 865 4255 inunginilaus
894 4175 1083 4234 sauctorum
1114 4166 1371 4254 splendentibus.
1427 4165 1484 4233 Ad

295 4297 466 4362 uesperam
492 4276 647 4342 dtrodena
683 4274 885 4342 candelabra
918 4283 996 4340 atate
1031 4294 1141 4359 araur3
1174 4281 1263 4341 retro
1292 4273 1343 4340 bis
1377 4281 1483 4342 tenta.

295 4383 507 4469 Antiphoaa,
541 4387 711 4472 illdlrp'a,
744 4383 803 4450 Sic
832 4386 941 4449 arctant
970 4391 1003 4446 et
1033 4380 1178 4466 psalmos
1205 4403 1245 4448 ex
1269 4380 1369 4464 seria,
1400 4382 1484 4448 Lau·

295 4493 372 4557 date
395 4516 511 4559 acernen
535 4495 682 4558 lumina
728 4487 930 4575 Capitulum,
955 4489 1114 4554 I'rinnnu
1138 4490 1271 4576 paida-nt
1293 4508 1483 4556 sermonem.

386 4724 407 4795 ι)
428 4725 543 4781 Busan·
